3264 5662
485 816 688 870 canonicor
710 815 868 865 11111118
890 815 938 865 nc
961 815 1130 867 avesnes.
1289 799 1332 871 57

281 1005 400 1072 mortis
433 1005 637 1092 jamjamque
666 1004 879 1084 detineretur,
914 1004 1054 1090 ipsemet
1087 1023 1146 1089 pro
1170 1003 1238 1069 filio
1272 1025 1331 1070 suo
1388 1006 1456 1057 Am.

280 1114 435 1174 1111111111
476 1107 669 1197 Eogwinum
707 1105 826 1172 devote
868 1104 1119 1192 supplicamus,
1166 1111 1332 1193 comperta
1346 1076 1502 1217 33:2⁸⁶·

282 1210 386 1298 ipsius
408 1209 506 1289 fama,
529 1231 602 1275 cum
628 1208 764 1274 eandela
789 1212 824 1272 et
847 1207 1015 1273 oblatione
1041 1207 1082 1271 ad
1110 1207 1181 1294 ejus
1204 1231 1332 1274 monas·
1346 1232 1388 1284 the
1399 1248 1446 1282 eon
1456 1234 1488 1285 01

285 1314 405 1379 terium
436 1311 578 1378 necessit
624 1310 756 1375 Indixit
785 1314 896 1375 tamen
927 1310 994 1375 suis
1021 1310 1208 1375 hominibus
1239 1315 1331 1376 ante·
1346 1299 1468 1417 gaguds

283 1437 384 1502 quam
413 1437 434 1480 a
463 1414 560 1480 domo
585 1435 653 1500 qua
681 1412 833 1477 infirmus
858 1411 994 1496 jacebat
1024 1412 1215 1494 discederet,
1241 1419 1281 1479 ut
1304 1414 1332 1478 si
1346 1374 1469 1483 mdlnll's

284 1517 418 1584 interim
448 1537 531 1603 puer
559 1513 756 1580 11111111111111ι
790 1513 854 1579 sibi
877 1536 952 1578 cum
975 1513 1188 1581 festinatione
1218 1501 1460 1614 statimfoe'ffi·

286 1619 503 1684 nuntiaretur.
549 1617 693 1682 Veniens
722 1617 828 1704 igitur
857 1616 901 1680 ad
924 1616 1092 1681 ecclesiam
1122 1621 1246 1683 sanctae
1270 1617 1333 1683 Dei

286 1720 462 1787 Genitricis
485 1720 601 1785 Mariae
623 1718 793 1803 sanctique
809 1717 966 1804 Ecgwini,
989 1739 1097 1784 coram
1119 1719 1224 1784 altare
1246 1741 1335 1785 acee-

286 1823 372 1904 dere,
395 1827 496 1909 ceput
518 1821 701 1886 humillime
724 1821 759 1885 in
781 1825 904 1886 terram
936 1819 1109 1901 declinare,
1133 1820 1335 1887 oblationem

286 1927 409 2002 offerre,
439 1925 548 1990 Deum
572 1923 761 2010 suppliciter
790 1923 934 2000 adorare,
957 1926 1172 2009 sanctumque
1204 1923 1334 2010 Ecgwi-

286 2050 367 2093 num
389 2049 465 2093 cum
494 2026 669 2113 lachrymis
699 2024 818 2090 devote
848 2044 907 2111 pro
937 2023 1005 2089 filio
1035 2045 1171 2091 exorare
1194 2026 1335 2091 studuit.

287 2130 406 2217 Ibique
428 2133 501 2195 tota
526 2127 581 2194 die
604 2149 678 2193 cum
702 2127 854 2214 sequenti
880 2132 975 2192 nocte
1000 2127 1037 2191 in
1059 2128 1184 2213 vigiliis
1206 2136 1241 2194 et
1264 2150 1336 2193 ora-

287 2232 444 2310 tionibus,
478 2231 648 2297 ardentem
679 2229 847 2293 candelam
876 2228 1030 2294 manibus
1065 2230 1232 2316 gestando,
1264 2252 1337 2317 per·

286 2334 417 2412 mansit,
438 2333 558 2420 saepius
581 2331 672 2396 humi
698 2353 732 2396 se
756 2324 966 2417 prostern'ens
988 2336 1023 2396 et
1046 2337 1161 2418 pectus
1184 2333 1336 2410 tundens,

286 2437 390 2503 donec
417 2434 624 2500 manasseto
647 2433 689 2497 ad
711 2433 918 2498 revisendam
942 2433 1066 2519 prolem
1098 2455 1175 2499 eum
1206 2435 1337 2500 animus

285 2538 502 2626 compulisset
550 2536 672 2602 Oblata
696 2556 773 2622 ergo
800 2535 951 2622 portione
979 2535 1124 2602 candelae
1146 2541 1181 2601 et
1202 2535 1338 2602 lieentia

285 2666 307 2708 a
336 2645 450 2706 sancto
480 2639 594 2726 petita,
626 2659 700 2703 cum
730 2659 787 2724 spe
817 2638 882 2702 iter
917 2644 1124 2724 assumptum
1161 2639 1334 2727 relegebat

287 2745 333 2809 Et
348 2765 419 2809 eece
442 2763 528 2807 unus
550 2762 592 2806 ex
606 2741 674 2805 suis
696 2741 732 2804 in
755 2739 863 2805 medio
878 2738 1007 2805 itineris
1024 2762 1200 2821 occurrens,
1217 2763 1336 2807 renun-

286 2847 388 2913 tiavit
418 2843 551 2910 domino
588 2841 755 2930 proprium
793 2841 899 2907 filium
933 2843 1142 2908 sanissimum
1174 2844 1335 2911 effectum.

288 2948 432 3013 Miratur
460 2952 577 3033 pater;
602 2944 701 3030 jubet
731 2951 772 3009 ut
794 2944 926 3030 quando
958 2945 1011 3009 vel
1041 2947 1203 3031 quomodo
1235 2948 1270 3012 id
1293 2949 1339 3015 sit

287 3052 412 3116 fectum
443 3049 558 3114 edicat.
620 3045 683 3113 cui
721 3045 872 3124 famulus,
912 3047 1053 3127 “Quum
1092 3049 1183 3115 lutea
1221 3072 1339 3116 aurora

288 3165 303 3188 ‘⁴
327 3152 423 3217 hodie
454 3151 643 3215 claresceret
673 3155 708 3214 et
731 3148 835 3213 lucem
858 3148 989 3213 solitam
1013 3172 1071 3236 per
1093 3153 1166 3216 coeli
1187 3157 1337 3218 centrum

287 3265 304 3291 ‘⁸
327 3253 540 3328 diffunderet,
557 3251 753 3337 qualitatem
777 3250 855 3315 facti
877 3252 972 3315 nobis
988 3252 1217 3338 ignorantibus
1239 3277 1338 3320 sanus

289 3366 305 3391 ‘⁶
328 3355 483 3443 apparuit
504 3360 614 3418 vester
635 3350 750 3418 iilius''
796 3351 945 3417 Audiens
959 3353 1019 3418 hoc
1041 3360 1141 3440 pater,
1170 3357 1339 3422 ardentius

288 3459 353 3524 iter
373 3477 556 3546 aggressus,
587 3455 630 3520 ad
660 3454 815 3520 dilectam
846 3454 989 3519 sobolem
1019 3458 1171 3543 pervenit
1201 3465 1339 3545 quanto·

288 3563 365 3627 cina
411 3561 594 3625 Accurrens
616 3558 720 3645 igitur
743 3556 831 3621 filius
857 3556 1000 3637 obviam,
1024 3566 1152 3645 patrem
1182 3583 1282 3627 sanus
1304 3569 1339 3629 et

287 3663 461 3730 incolumis
476 3660 693 3747 amplectitur,
709 3659 896 3724 funduntur
917 3683 991 3725 cum
1014 3663 1135 3749 gaudio
1151 3663 1339 3752 lachrymae,

288 3765 395 3831 sancti
420 3763 571 3851 Ecgwini
597 3762 762 3849 magnalia
792 3745 1012 3848 p'raedicantur
1043 3766 1225 3853 utrobique.
1272 3769 1339 3835 Hic

288 3873 383 3957 pater
411 3888 486 3932 cum
512 3865 589 3943 filio,
621 3865 711 3929 illinc
742 3865 849 3929 omnis
872 3887 1015 3951 praesens
1038 3867 1169 3946 familia,
1193 3871 1339 3936 maximo

288 3970 436 4057 tripudio
458 3967 640 4033 resonabat.
685 3965 740 4030 Ad
762 3965 918 4031 ultimum
940 3968 1127 4034 sciscitatur
1152 3970 1259 4035 filium
1282 3994 1338 4058 pa-

287 4079 342 4138 ter
369 4070 533 4157 quomodo
566 4070 596 4134 ei
628 4069 752 4134 sanitas
789 4068 968 4133 adveniret.
1031 4070 1197 4152 “Novit''
1228 4073 1339 4159 inquit

287 4174 384 4250 filius,
410 4170 657 4258 “Omnipotens
679 4170 770 4235 Deus
792 4191 846 4235 me
873 4192 990 4235 sanum
1014 4192 1091 4250 esse,
1116 4173 1174 4237 sed
1196 4175 1339 4259 qualiter

288 4287 306 4312 “
329 4276 411 4341 mihi
435 4275 560 4340 sanitas
575 4273 729 4339 acciderit
751 4271 930 4359 ignorare’'
975 4271 1068 4337 Tunc
1090 4275 1210 4339 iterum
1226 4297 1338 4347 omnes

287 4377 528 4444 benedicebant
558 4376 737 4441 Dominum
775 4381 810 4441 et
848 4382 997 4440 sanctum
1032 4376 1238 4463 Ecgwinum,
1279 4403 1337 4466 per

287 4503 387 4570 quem
410 4481 478 4548 tale
500 4478 694 4545 miraculum
717 4478 894 4567 insigniter
915 4485 966 4545 est
988 4480 1201 4567 propalatum.

623 4723 630 4753 ¹
642 4720 780 4790 nortem]
794 4731 939 4787 moreretur,
950 4725 1006 4778 MS.
