3264 5662
490 808 692 858 (ennomcor
716 807 873 857 reatina·
896 809 942 855 na
965 803 1135 856 nvssrrmr.
1274 792 1335 857 165

284 985 301 1008 “
325 977 367 1042 ad
392 979 521 1064 plenam
545 980 732 1046 libertatem
758 978 999 1057 insufficientia,
1036 999 1138 1063 quum
1175 1000 1233 1065 per
1265 979 1336 1064 ipsa
1350 993 1416 1046 ml).
1431 1000 1503 1046 1205.

284 1087 302 1110 ‘⁴
328 1079 499 1167 privilegia
521 1083 672 1168 quaedam
690 1082 769 1168 jura
792 1081 990 1167 episcopalia
1006 1081 1041 1144 in
1056 1081 1255 1146 monasterio
1279 1080 1335 1145 illo

284 1189 300 1212 ‘⁴
325 1182 475 1268 episcopo
506 1191 621 1249 nostro
656 1189 871 1249 reserventur.
931 1183 1023 1248 Dicit
1054 1183 1142 1247 enim
1175 1183 1336 1248 Constan-

284 1289 301 1316 “
327 1283 415 1348 tinus
438 1285 527 1370 quod
549 1285 652 1350 abbas
679 1285 825 1371 ejusdem
856 1285 919 1349 loci
950 1285 1092 1371 primum
1125 1284 1231 1349 locum
1261 1289 1336 1370 post

286 1393 301 1416 ‘⁴
328 1384 522 1450 Wictiorurn
538 1387 711 1472 praesulem
734 1409 794 1452 sua
815 1387 1013 1452 auctoritate
1032 1387 1159 1472 jugiter
1174 1386 1337 1451 obtineat.

286 1493 304 1520 “
329 1484 393 1550 Sed
417 1509 519 1571 quum
542 1487 649 1553 locum
672 1489 766 1553 illum
790 1511 850 1554 nec
872 1489 908 1553 in
931 1488 1076 1575 generali
1100 1484 1248 1553 concili0¹
1278 1509 1337 1552 noc

288 1589 522 1673 “provinciali
560 1591 664 1677 possit
701 1592 862 1668 obtinere,
902 1592 981 1676 quia
1018 1591 1079 1655 hoc
1109 1590 1166 1654 alii
1196 1589 1338 1676 episcopi

288 1697 305 1725 ‘⁴
331 1689 500 1756 inferiores
537 1696 650 1759 nostro
688 1715 755 1759 non
799 1694 1039 1780 permitterent,
1072 1696 1178 1757 restat
1219 1696 1258 1757 ut
1296 1691 1338 1755 ad

286 1791 491 1876 “synodum
529 1795 741 1882 episcopalem
780 1795 903 1871 veniat,
941 1802 976 1859 et
1021 1795 1068 1858 ibi
1106 1794 1213 1859 locum
1243 1792 1338 1857 illum

285 1904 302 1927 ⁴‘
327 1894 483 1970 obtineat,
505 1903 539 1961 et
562 1897 608 1961 sic
640 1899 788 1983 episcopo
820 1896 1024 1982 suinciatur.
1086 1895 1128 1959 In
1164 1895 1339 1981 privilegio

287 2004 305 2030 ‘⁴
329 2017 406 2060 vero
428 1997 612 2063 Alexandri
635 1999 825 2063 continetur
848 1999 936 2084 quod
953 1998 1182 2085 Wigomonses
1197 1997 1339 2083 episcopi

286 2108 303 2130 ‘¹
327 2098 454 2183 aliquid
476 2099 598 2184 injuste
629 2101 671 2165 ab
702 2101 748 2166 eis
778 2123 844 2166 non
881 2101 1027 2186 exigant,
1054 2099 1112 2164 scd
1133 2099 1185 2163 his
1207 2105 1340 2163 tantum

287 2209 304 2233 ‘⁶
327 2201 476 2265 contenti
505 2203 574 2266 sint
596 2225 671 2288 quae
694 2208 914 2268 antecessores
937 2223 1049 2266 eorum
1080 2201 1341 2266 antecessoribus

287 2312 303 2336 “
328 2302 395 2366 suis
417 2308 549 2369 constat
570 2305 816 2370 rationabiliter
838 2304 1032 2369 exhibuisse.
1091 2304 1180 2389 Ergo
1210 2307 1341 2367 constat

287 2410 309 2439 ‘⁴
334 2409 551 2470 antecessores
567 2427 680 2470 eorum
696 2406 823 2493 aliquid
838 2405 1098 2471 antecessoribus
1118 2404 1342 2490 cpiscoporum

287 2516 304 2540 ‘⁸
329 2507 570 2572 rationabiliter
584 2508 789 2594 impendisse.
836 2509 924 2594 Ergo
940 2507 1081 2593 episcopi
1094 2506 1220 2591 aliquid
1232 2511 1343 2592 petere

288 2618 306 2642 ‘¹
331 2613 475 2694 possunt,
503 2615 539 2673 et
570 2610 634 2696 ipsi
667 2611 729 2675 hoc
761 2611 807 2675 cis
840 2609 995 2674 exhibere
1027 2613 1190 2674 tenentur.
1253 2608 1342 2694 Ergo

290 2720 308 2744 “
334 2710 481 2797 episcopo
503 2710 539 2775 in
562 2712 672 2798 aliquo
696 2712 918 2797 subjiciuntur
931 2736 939 2790 ;
963 2733 1040 2798 ergo
1064 2733 1130 2775 non
1153 2716 1232 2776 sunt
1248 2709 1343 2797 plene

289 2822 306 2846 ‘⁴
332 2813 484 2899 exempti,
500 2813 554 2877 vel
574 2814 692 2900 potius,
709 2836 810 2900 quum
834 2814 946 2878 nullus
969 2815 1075 2901 possit
1097 2835 1166 2879 esse
1189 2815 1225 2877 in
1248 2819 1344 2900 parts

290 2923 310 2948 “
332 2914 414 2980 liber
435 2922 471 2980 et
492 2916 528 2980 in
552 2921 646 3002 parte
668 2938 792 2994 servus,
817 2916 906 2980 nullo
930 2916 1028 2981 modo
1050 2922 1128 2981 sunt
1152 2914 1329 3002 exempti.''

293 3194 343 3261 De
364 3195 592 3263 aerbtiliesima
621 3196 838 3284 responsione
863 3197 996 3264 Thema²
1033 3195 1196 3262 atorroclei
1222 3202 1251 3262 et
1282 3194 1343 3262 <ret-

382 3307 577 3366 oooutoraut
621 3300 692 3386 ejus
738 3300 830 3366 circo
875 3299 1195 3386 interpretationem
1229 3296 1344 3385 privi-

384 3400 559 3486 topiorum.

340 3556 384 3623 Et
406 3581 509 3645 quum
542 3566 734 3646 perorasset,
767 3560 921 3647 respondi
952 3582 1011 3647 ego
1043 3560 1163 3638 dicens,
1188 3560 1346 3625 “Mirum

295 3666 313 3694 “
338 3660 418 3724 milri
440 3661 575 3727 videtur
592 3663 734 3748 qualiter
755 3663 963 3728 adversarius
988 3668 1101 3728 noster
1123 3684 1244 3748 ponere
1260 3686 1296 3728 os
1310 3663 1346 3727 in

294 3767 313 3796 “
336 3761 454 3826 ooelum
477 3785 576 3828 ausus
599 3765 652 3843 sit,
680 3765 791 3830 dicens
815 3765 989 3851 privilegia
1016 3765 1158 3830 Romani
1182 3765 1347 3851 pontilicis

294 3872 312 3898 ‘⁴
336 3865 447 3930 nullus
470 3888 539 3931 esse
561 3869 722 3932 momenti
746 3888 848 3952 quum
865 3867 965 3931 etiam
988 3868 1094 3931 instar
1116 3867 1161 3930 sit
1185 3865 1348 3952 sacrilegii

295 3973 314 4000 “
339 3965 380 4030 de
395 3969 560 4033 sententia
575 3969 644 4054 ejus
661 3969 836 4055 disputare.
883 3968 993 4049 Quum
1009 3968 1096 4032 enim
1110 3968 1198 4032 dicta
1213 3967 1348 4032 testium

295 4076 314 4103 “
337 4069 516 4134 secundum
540 4071 626 4158 leges
652 4073 701 4136 ita
727 4072 795 4135 sint
820 4068 1069 4157 interpretanda
1096 4074 1135 4134 ut
1160 4069 1223 4133 sibi
1254 4069 1348 4132 adin-

295 4177 315 4207 “
340 4172 443 4238 vicem
459 4195 527 4239 non
542 4174 611 4238 sint
626 4174 792 4240 contraria
808 4195 849 4238 ne
871 4178 972 4238 testes
997 4171 1134 4257 perjurii
1157 4176 1348 4257 arguantur,

295 4281 316 4305 '‘
340 4273 446 4339 multo
470 4274 589 4340 lortius
604 4275 778 4362 privilegia
793 4275 913 4340 summi
929 4273 1096 4362 pontificis
1112 4273 1254 4359 benigne
1270 4277 1351 4337 sunt

294 4382 313 4409 ‘⁴
338 4374 598 4463 interpretanda,
615 4384 655 4444 ut
678 4379 764 4444 sicut
784 4400 954 4464 nunquam
975 4380 1113 4463 possunt
1136 4397 1205 4440 esse
1228 4375 1351 4450 inania,

294 4488 312 4511 ‘⁴
337 4479 386 4543 ita
409 4502 470 4545 nec
499 4480 562 4545 sibi
594 4503 741 4567 unquam
765 4483 833 4545 sint
855 4477 1049 4545 contraria.''
1105 4478 1151 4542 Et
1185 4482 1260 4563 post
1291 4476 1352 4541 hoc

664 4754 670 4784 ¹
683 4752 798 4820 concilio]
812 4752 928 4816 consilio,
940 4752 997 4804 MS.
1009 4755 1015 4766 '
