3264 5662
420 799 619 850 crraomcos
635 800 791 850 annana
808 801 853 850 us
876 800 1043 851 rvrsnm.
1211 791 1252 853 93

205 993 262 1051 est
277 985 439 1073 refugium
455 994 489 1053 et
503 986 635 1071 adjutor
649 988 814 1075 piissimus
830 988 866 1052 in
889 989 1042 1053 maximis
1057 988 1258 1054 necessitati·
1313 1005 1381 1055 ab.

203 1088 281 1152 bus
350 1089 639 1176 Quotienscunque
661 1093 704 1156 ad
726 1092 850 1156 curiam
876 1091 961 1177 regis
976 1092 1029 1156 vel
1052 1090 1171 1155 alicubi
1195 1092 1259 1155 iter
1273 1073 1431 1123 ¹⁰⁷⁰'¹⁰⁷⁷·

205 1198 322 1278 ageret
335 1198 369 1258 et
384 1193 503 1280 aliquis
519 1217 642 1282 pauper
663 1195 772 1259 nudus
798 1199 988 1271 occurreret,
1017 1216 1094 1259 mox
1117 1195 1257 1281 aliquem

206 1294 253 1359 de
284 1295 351 1360 suis
383 1296 571 1362 hominibus
596 1297 801 1384 exspoliabat
831 1302 866 1362 et
895 1298 1030 1384 pauperi
1061 1298 1259 1363 vestimento

207 1397 284 1482 ejus
305 1398 414 1475 dabat,
437 1400 494 1464 sed
515 1421 575 1465 suo
599 1405 711 1486 postea
733 1399 907 1487 dupliciter
933 1399 1099 1466 reddebat.
1159 1401 1258 1467 Omni

207 1521 352 1586 namque
378 1523 465 1567 anno
493 1507 636 1588 quatuor
664 1503 719 1569 vel
752 1504 896 1589 quinque
928 1503 997 1568 dies
1028 1507 1106 1568 ante
1138 1503 1257 1568 Natale

211 1601 348 1667 Domini
364 1604 534 1670 etiterum
551 1610 625 1692 post
647 1605 734 1671 diem
756 1605 944 1670 Palmarum
959 1611 1032 1670 tota
1055 1604 1259 1670 hebdomada

209 1710 291 1770 ante
305 1704 430 1770 Pascha
445 1708 537 1793 quasi
559 1708 723 1773 exercitus
747 1729 884 1794 magam
910 1729 1090 1794 pauperum
1113 1713 1148 1773 et
1170 1730 1259 1795 pere·

208 1808 378 1896 grinorum
393 1808 458 1873 buc
480 1809 629 1876 solebant
651 1811 770 1888 venire,
794 1809 913 1895 quibus
935 1810 1086 1874 omnibus
1109 1815 1177 1875 tam
1201 1833 1259 1897 per

209 1933 246 1975 se
272 1932 369 1996 quam
400 1933 458 1998 per
483 1913 657 1978 monachos
687 1912 737 1977 vel
762 1912 873 1977 fideles
908 1912 1007 1977 laicos
1037 1912 1258 1999 eleemosynas

208 2012 347 2099 largiter
360 2014 577 2080 ministrando
591 2037 729 2101 erogare,
747 2013 945 2079 Mandatum
962 2014 1096 2080 Domini
1110 2014 1258 2081 faciendo

210 2137 328 2180 manus
354 2122 389 2181 et
411 2117 509 2203 pedes
534 2117 651 2193 lavare,
667 2115 863 2202 quibusdam
881 2118 1086 2193 vestimenta,
1109 2117 1258 2204 plurimis

209 2218 431 2295 mlciamente,
454 2218 569 2284 multis
592 2219 723 2284 studuit
739 2218 888 2283 denarios
911 2219 1097 2305 benigniter
1119 2242 1257 2306 erogare,

209 2343 322 2387 omnes
337 2342 467 2407 quoque
489 2321 583 2388 laetos
600 2322 678 2386 fecit
701 2321 778 2386 hinc
803 2321 958 2387 recedere.
1006 2320 1143 2388 Cunctis
1159 2323 1257 2387 etiam

209 2425 362 2489 noctibus
399 2425 637 2511 praecipuarum
683 2422 928 2488 solemnitatum
959 2446 1018 2510 per
1053 2446 1178 2488 annum
1215 2426 1258 2490 ad

209 2525 366 2591 honorem
409 2527 473 2592 Dei
509 2532 543 2591 et
580 2530 766 2591 sanctorum
798 2525 888 2610 Ejus,
923 2548 1030 2591 coram
1062 2547 1258 2613 unoquoque

209 2627 307 2692 elteri
338 2628 417 2693 fecit
448 2628 615 2693 candelam
646 2629 759 2694 ardere
789 2633 862 2693 tota
898 2633 994 2693 nocto
1016 2650 1119 2714 usque
1141 2651 1236 2694 mane
1248 2652 1257 2708 ;

210 2729 320 2816 plures
341 2752 484 2816 namque
506 2730 619 2794 missas
645 2730 824 2796 secundum
846 2731 934 2817 quod
955 2735 1086 2818 tempus
1115 2731 1258 2797 babebat

211 2832 358 2918 quotidie
382 2832 508 2898 solebat
528 2832 671 2898 libenter
702 2833 822 2910 audire,
849 2837 885 2897 et
918 2832 961 2897 ad
993 2854 1258 2920 unamquamque

211 2957 323 3000 earum
358 2935 518 3000 sacerdoti
551 2956 642 2998 saera
671 2933 828 2999 solemnia
851 2934 1028 3000 celebranti
1066 2957 1168 3000 unum
1206 2936 1258 3000 vel

212 3036 321 3122 plures
370 3037 518 3102 denarios
569 3058 644 3101 cum
688 3059 808 3123 magna
860 3038 964 3101 cordis
1011 3039 1259 3124 compunctione

212 3139 368 3205 studebat
390 3140 515 3205 offerre.
564 3138 610 3203 Et
625 3139 779 3224 quoniam
803 3143 874 3204 erat
891 3146 961 3203 tam
984 3139 1145 3205 divitibus
1161 3163 1259 3226 quam

213 3241 410 3327 pauperibus
442 3245 589 3328 erogator
615 3240 824 3326 largissimus,
856 3241 948 3306 dedit
978 3243 1008 3306 ei
1039 3242 1162 3307 Divina
1198 3243 1260 3307 cle·

213 3345 337 3408 mentia
363 3345 489 3430 copiam
521 3365 629 3408 rerum
654 3344 832 3407 maximam
864 3344 899 3406 in
933 3344 1093 3409 omnibus.
1156 3344 1259 3410 Orna-

213 3451 325 3510 menta
358 3468 488 3531 quoque
528 3445 704 3531 acquisivit
753 3446 901 3532 plurima,
931 3445 1095 3524 videlicet,
1125 3446 1259 3525 casulas,

214 3570 339 3634 cappas,
377 3547 486 3634 pallia,
533 3568 660 3611 crucem
695 3568 857 3634 magnam,
889 3554 923 3614 et
961 3549 1126 3635 quoddam
1156 3551 1259 3616 altare

213 3673 293 3716 auro
324 3656 359 3716 et
393 3656 530 3735 argento
562 3649 777 3736 pulcherrime
799 3656 978 3737 operatum,
1001 3675 1129 3719 necnon
1159 3653 1259 3719 etiam

214 3753 378 3838 quandam
404 3751 560 3839 capellam
597 3752 694 3817 valde
731 3752 902 3818 honestam
935 3756 970 3819 in
1000 3756 1121 3822 honoro
1152 3757 1405 3826 sanetissebuilds

215 3855 365 3920 archoni
380 3854 526 3920 consen
541 3859 576 3920 a
596 3855 775 3920 consecrari
797 3855 1007 3922 laudabiliter
1021 3857 1106 3923 aare
1168 3842 1411 3923 meresape

213 3980 310 4023 suum
331 3963 463 4045 tempus
484 3956 549 4022 duo
572 3956 689 4023 fratres
712 3957 810 4042 hujus
832 3959 895 4022 loci
917 3959 1077 4025 diabolico
1099 3961 1258 4026 instinctu
1269 3909 1397 4028 idiloni.

213 4060 347 4137 seducti,
370 4059 528 4147 quasdam
555 4059 708 4145 reliquias
732 4059 773 4125 de
796 4060 915 4125 feretro
929 4061 1030 4126 furati
1050 4068 1129 4128 sunt
1154 4064 1259 4128 sancti

214 4162 365 4248 Eegwini
400 4162 505 4249 patris
543 4163 655 4239 nostri,
701 4168 736 4228 et
772 4162 981 4229 tradiderunt
1027 4186 1081 4229 eas
1129 4165 1258 4231 cuidam

214 4272 373 4331 matronae
396 4264 607 4330 nobilissimae
631 4264 767 4330 Aldithe
792 4265 932 4342 nomine,
956 4266 1012 4331 sed
1038 4266 1123 4332 alter
1138 4277 1412 4348 eorum‚Repetifi0n

212 4366 358 4432 Allricus
381 4365 548 4443 vocabulo,
580 4367 638 4452 qui
661 4373 776 4432 auctor
802 4373 871 4432 erat
892 4368 1028 4446 sceleris,
1054 4370 1167 4435 volens
1193 4347 1425 4464 hucgffiffi'y

211 4470 327 4547 redire,
357 4469 483 4533 Divino
508 4469 635 4555 judicio
657 4469 777 4535 cadens
801 4470 837 4533 in
859 4471 923 4536 isto
946 4471 1081 4537 flumine
1104 4473 1202 4560 periit
1216 4475 1257 4540 de
1270 4482 1319 4558 anu
1331 4481 1374 4530 the

211 4579 301 4638 terra
322 4572 508 4639 viventium
524 4594 584 4658 pro
608 4576 704 4637 tanto
728 4573 870 4638 erimine.
916 4575 1083 4660 Apparuit
1105 4597 1181 4663 ergo
1205 4579 1258 4642 vir
1269 4547 1427 4679 {zhfflgim

210 4675 275 4740 Dei
291 4680 424 4741 sanctus
440 4674 632 4761 Ecguuinus
647 4674 709 4762 ipsi
731 4681 890 4743 matronae
906 4677 938 4741 in
963 4678 1087 4744 visione
1102 4678 1200 4748 semel
1223 4685 1257 4746 et
