3264 5662
488 818 691 870 onnomeon
715 816 872 868 Annine
896 819 943 868 en
966 816 1138 869 nvnsnm.
1275 803 1336 873 171

290 1035 515 1123 Puutseriptu
556 1034 826 1124 privilepiorum
862 1058 1010 1125 querunt
1037 1030 1238 1104 anctoritate
1267 1059 1340 1104 seu·
1353 1046 1422 1106 An).
1438 1061 1508 1107 isos.

376 1139 486 1205 tentus
524 1139 596 1206 lete
627 1140 705 1226 fuit
739 1164 806 1228 pre
836 1140 1043 1228 coemptione
1081 1139 1341 1209 testamentis

376 1242 525 1308 ecclesius

335 1381 376 1445 In
406 1381 467 1448 boc
490 1383 561 1448 loeo
584 1388 654 1448 ttnn
677 1383 748 1471 ipsa
770 1384 943 1471 privilegio
968 1407 1108 1470 qnorum
1140 1385 1338 1452 auctoritate

289 1484 455 1548 sententia
484 1506 543 1571 pro
567 1486 663 1550 nobis
686 1487 756 1550 iata
782 1491 833 1551 est
862 1510 960 1571 quum
993 1488 1099 1573 ipsum
1137 1489 1339 1552 sententiam

288 1607 466 1672 perquam
489 1589 581 1674 qussi
603 1590 645 1653 ab
662 1589 860 1676 AEgyptiaeu
883 1589 1043 1655 servitute
1065 1590 1198 1656 liberati
1218 1613 1340 1668 snmus,

288 1689 362 1753 tinio
385 1689 507 1777 scripte
522 1691 748 1757 interserenda
762 1691 886 1757 bonum
902 1696 936 1757 et
953 1692 1034 1758 utile
1050 1693 1176 1780 putovi.

410 1882 578 1951 Primum
596 1880 829 1973 prinitepium
855 1884 1079 1953 Constanti-ui
1097 1908 1209 1973 papie.

322 2024 530 2080 Constantinus
561 2024 714 2096 episeopus
746 2043 849 2080 servus
879 2045 1032 2082 servornm
1060 2025 1115 2081 Dei
1143 2025 1339 2082 Brithweldo¹
1354 2021 1454 2112 Bullof

290 2108 519 2163 Brit-tanniurnm
546 2111 665 2180 primati
692 2109 816 2165 salutem
835 2115 865 2165 et
883 2111 1070 2181 apostolieum
1096 2110 1337 2166 benedictionem.
1353 2093 1496 2204 Pffifiiffl'

289 2190 493 2246 venerabilem
511 2194 609 2247 virum
628 2194 801 2263 Eegninnm
820 2195 997 2266 episcopum,
1019 2213 1106 2265 quent
1134 2194 1178 2249 bis
1206 2201 1258 2249 tua
1283 2195 1339 2249 iru-
1353 2171 1492 2274 21).ss‘39

285 2277 409 2330 ternitss
428 2276 465 2330 nd
484 2279 673 2348 apostolicam
693 2278 793 2332 eedem
811 2278 902 2343 misit,
923 2279 1012 2333 etiem
1039 2298 1115 2333 nuno
1135 2279 1261 2333 seeundo
1279 2295 1339 2333 mtt-

286 2360 395 2431 nipulis
420 2361 545 2431 justitias
569 2362 712 2416 refertum
739 2362 794 2417 tibi
818 2362 1007 2427 remittimus,
1027 2367 1177 2417 monentes
1198 2368 1340 2432 quotenus

286 2444 328 2499 sie
357 2463 426 2499 sues
454 2446 574 2501 effeetus
602 2446 766 2517 adjuvando
791 2447 988 2518 prosequeris,
1010 2447 1096 2502 sicuti
1122 2447 1207 2501 illum
1232 2464 1250 2501 u
1277 2447 1340 2502 Dee

287 2529 431 2599 incepisse
450 2535 480 2584 et
499 2531 528 2583 in
540 2530 589 2584 vin
601 2528 657 2584 Dei
676 2532 842 2586 cucurrisse
861 2530 1034 2601 cogitetisti.
1074 2531 1166 2586 Porro
1178 2531 1214 2584 de
1226 2531 1339 2587 visione

286 2612 347 2676 iliu,
375 2613 465 2668 immo
491 2621 591 2685 apertu
616 2616 791 2680 ostensione,
822 2633 880 2686 qne
906 2633 936 2669 se
965 2615 1049 2671 beatu
1078 2616 1164 2686 virgo
1189 2615 1285 2669 Morio
1312 2617 1339 2670 ei

287 2698 486 2753 manifestavit
498 2717 580 2770 mque
600 2700 641 2754 itu
659 2706 772 2754 certum
792 2719 856 2754 esso
876 2705 1026 2754 teneamus
1040 2699 1285 2770 quemadmodum
1303 2698 1339 2754 du

288 2781 343 2835 viri
372 2781 500 2838 bonitate
526 2801 584 2838 non
609 2783 785 2838 dubitemus.
825 2783 959 2854 Denique
979 2784 1162 2855 vigilantiam
1190 2789 1271 2839 tuem
1290 2782 1339 2838 ud·

288 2882 439 2920 menemus
467 2873 610 2937 quatenns
640 2866 701 2921 illis
721 2867 752 2919 in
781 2867 914 2937 pertibus
945 2866 977 2920 in
1007 2865 1113 2938 quibus
1142 2867 1340 2923 manifestatio

287 2950 386 3004 habite
414 2948 505 3005 fnisse
531 2951 668 3014 refertur,
696 2949 871 3005 concilium²
899 2951 989 3005 tetius
1008 2949 1125 3022 Anglim
1153 2968 1251 3023 coges,
1281 2952 1341 3023 epi-

287 3053 388 3105 scopos
408 3034 542 3105 suetique
571 3033 680 3088 ordinis
699 3034 855 3104 religiosus
873 3051 1014 3104 personas
1034 3033 1104 3089 illue
1123 3035 1278 3089 convenire
1298 3036 1339 3089 ts-

286 3119 355 3182 cias,
370 3119 583 3190 optimatesque
603 3119 686 3189 regni
706 3136 773 3173 enm
791 3119 961 3189 proceribus
981 3119 1042 3173 suis
1061 3118 1162 3173 edesse
1176 3119 1338 3189 principius.

288 3203 400 3271 Quibus
421 3202 451 3256 in
469 3204 585 3258 nomino
605 3203 724 3257 Domini
750 3204 938 3273 congregatis
957 3203 1165 3257 denunciamus
1185 3203 1263 3272 qnod
1282 3202 1340 3256 dno

288 3306 372 3354 reges
391 3287 510 3357 Angliut
529 3287 685 3341 Kcnrcdns
705 3293 734 3342 et
753 3287 817 3341 ona
844 3304 911 3341 eum
938 3286 1044 3357 quibus
1068 3287 1131 3356 jum
1155 3286 1251 3341 dietus
1278 3285 1338 3357 epi-

287 3390 391 3441 seopus
412 3371 448 3425 ud
467 3372 569 3426 limine
598 3372 795 3441 apostolorum
814 3371 895 3425 venit
920 3370 950 3423 in
980 3371 1044 3423 loco
1072 3375 1195 3424 ostensui
1218 3370 1339 3424 visionis

286 3455 414 3525 plurima
433 3456 468 3510 de
488 3456 549 3509 suis
568 3456 717 3509 benefieiis
745 3456 774 3508 in
792 3454 949 3525 prinsentiu
976 3460 1075 3509 nostru
1102 3454 1186 3524 regie
1203 3453 1339 3510 libertate

287 3541 394 3593 tionem
413 3546 442 3593 et
470 3541 630 3610 apostolice
655 3540 828 3593 anctoritate
855 3539 1026 3592 confirmata
1052 3538 1247 3603 contulerunt,
1269 3557 1338 3610 ‹quu-

286 3632 371 3677 tenus
391 3624 499 3677 ibidem
519 3624 708 3693 congregatio
727 3623 934 3677 monachorum
954 3623 1113 3677 secundum
1126 3625 1260 3692 regulum
1279 3642 1338 3679 mc·

287 3706 420 3760 morundi
439 3708 530 3777 putris
550 3706 712 3769 Benedicti,
742 3726 807 3776 quen
826 3707 924 3761 minus
947 3707 977 3759 in
1002 3707 1062 3761 illis
1088 3709 1221 3778 pertibus
1244 3709 1338 3764 udhnc

285 3791 420 3853 hebetur,
452 3791 544 3860 possit
571 3791 729 3846 instaurari
758 3798 787 3844 et
818 3790 1017 3844 indesinenter
1045 3791 1163 3846 Christo
1193 3793 1338 3847 suntnluri.

288 3876 371 3945 Ipsus
391 3881 488 3928 antem
507 3874 676 3929 donationes
704 3883 734 3928 ct
760 3874 901 3929 beneficie-
919 3876 1034 3945 prinfuti
1054 3894 1139 3944 reges
1159 3876 1189 3929 in
1208 3877 1338 3946 ipsorum

285 3959 444 4030 privilegio
463 3959 635 4013 nominatim
663 3958 935 4012 determinaverunt
959 3964 989 4012 et
1007 3976 1025 4011 s
1052 3959 1136 4011 nobis
1156 3960 1338 4014 corroborari

285 4046 427 4099 fecerunt.
467 4045 574 4112 Igitur,
596 4045 687 4098 srutcr
713 4043 829 4107 dilecte,
851 4041 1056 4113 quoquomodo
1075 4042 1211 4097 Christus
1230 4059 1339 4098 ennun-

283 4130 381 4184 cietnr
401 4129 516 4183 lucrum
536 4128 648 4182 Christi
675 4127 813 4197 inquire,³
839 4145 912 4197 opus
941 4125 1052 4181 Christi
1079 4143 1190 4191 exerce,
1211 4127 1339 4197 promul·

284 4215 422 4285 gatisque
443 4215 472 4267 in
491 4212 614 4269 concilio
635 4211 793 4282 undiqne⁴
821 4210 973 4266 sententiis
1000 4215 1064 4265 tum
1091 4228 1109 4265 u
1134 4211 1197 4266 Deo
1215 4217 1339 4268 estense

285 4387 531 4395 ...ψη-*-
578 4389 606 4394 .-.
625 4386 850 4393 ...η--..ψη
873 4387 903 4390 ψ».
940 4385 1075 4392 -—---.--.
1085 4387 1125 4391 -.-.
1135 4386 1179 4392 --
1192 4387 1215 4392 ...
1235 4387 1259 4392 -
1298 4386 1336 4394 α.

322 4500 326 4527 ¹
341 4496 494 4547 ccclmirrmrt
512 4497 598 4546 struck
622 4503 665 4546 ont
677 4496 704 4545 in
724 4495 789 4556 iffi,
872 4492 1032 4560 2ιὀηοὶἱίιιηι]
1045 4495 1186 4558 eonsilium,
1196 4497 1251 4548 MS.
1261 4517 1268 4559 ι
1279 4511 1339 4547 con·

284 4578 390 4626 troies-ite
414 4579 523 4627 inserted
547 4578 573 4626 in
596 4578 687 4627 Cotton
712 4577 787 4641 Vesp.
839 4575 954 4633 cilitium,
967 4576 1043 4639 Vesp.

286 4660 316 4706 B.
331 4657 409 4717 xxiv,
423 4658 465 4706 sol.
479 4662 517 4707 74.
873 4656 882 4683 ³
894 4655 1000 4719 inquire]
1014 4655 1120 4720 require,
1132 4655 1209 4721 vesp.

876 4737 882 4765 ¹
894 4734 1013 4801 undique]
1027 4751 1077 4788 om.
1088 4736 1153 4786 Ibid.
