3264 5662
378 796 578 848 onnourcos
602 795 760 845 annana
784 796 831 844 nn
853 793 1022 843 mussan.
1160 780 1222 843 255

169 1004 194 1015 ¹·
216 984 327 1048 ficiens
362 988 397 1047 et
429 982 563 1046 idoneus
601 983 646 1045 sit
680 981 837 1046 inventus
874 985 909 1045 et
945 979 1154 1057 nominatus3
1194 981 1393 1046 etanrera

170 1100 195 1120 ‘·
218 1088 317 1150 etiam
343 1091 382 1149 ut
405 1085 492 1149 idem
527 1086 561 1148 in
594 1083 728 1149 eeclesia
751 1090 864 1148 nostra
885 1105 905 1146 a
927 1105 991 1168 quo
1015 1081 1226 1146 maluerimus

168 1200 194 1222 ⁶·
217 1190 368 1274 episcopo
391 1189 514 1272 absque
546 1187 633 1250 omni
659 1186 831 1251 exactione
861 1185 1073 1272 professionis
1095 1189 1131 1249 et
1153 1183 1226 1248 obe·

167 1302 195 1323 ‘·
219 1291 353 1355 aientia,
375 1289 613 1355 benedicatu1·.”
669 1288 715 1353 Et
737 1288 862 1374 placuit
885 1288 1018 1353 domino
1041 1287 1150 1373 legato
1173 1306 1227 1372 pe-

163 1393 253 1458 titio
283 1399 403 1468 nostra,
431 1397 465 1457 et
496 1392 593 1470 dixit,
619 1391 739 1455 “Bene
762 1391 854 1455 salva
878 1390 972 1456 vobis
996 1395 1095 1455 erunt
1117 1388 1228 1453 omnia

167 1506 197 1529 ‘⁴
221 1497 296 1560 hacc.
344 1496 450 1559 Immo
466 1494 583 1557 melius
598 1493 755 1558 faciemus
769 1493 871 1557 vobis.
911 1492 977 1556 Vos
993 1493 1081 1557 enim
1096 1490 1228 1556 habetis

162 1614 193 1629 ‘·
217 1599 332 1684 pedem
357 1598 462 1661 fixum
496 1597 532 1659 in
566 1596 697 1661 ecclesia
720 1596 876 1672 Romana,
913 1601 947 1659 ct
980 1594 1009 1659 si
1034 1614 1226 1679 quocunque

218 1701 323 1769 modo,
358 1699 447 1785 quod
481 1699 577 1777 absit,
601 1699 695 1762 illum
718 1699 760 1763 ab
784 1721 823 1763 ea
849 1697 1063 1773 retraxeritis,
1086 1701 1144 1760 aut
1167 1697 1225 1761 vix

167 1810 198 1834 ‘⁴
223 1808 281 1867 aut
315 1823 483 1887 nunquam
517 1801 625 1886 ipsum
656 1800 692 1864 in
724 1822 763 1864 ea
793 1801 913 1865 iterum
947 1800 1063 1886 figetis.
1119 1799 1227 1879 Quare

168 1911 199 1937 ‘·
222 1926 323 1990 quum
356 1905 396 1969 de
429 1903 562 1969 consilio
596 1909 708 1968 nostro
743 1902 886 1988 aliquem
919 1903 1082 1988 elegeritis
1105 1902 1159 1967 vel
1193 1904 1229 1967 in

169 2007 316 2070 “illum
351 2029 448 2091 quem
470 2006 564 2071 vobis
598 2005 876 2071 nominaverimus
909 2005 1145 2085 consenseritis
1169 2026 1229 2070 nos

167 2116 200 2143 “
222 2109 315 2174 illum
351 2109 616 2174 confirmabimus
638 2108 710 2173 vice
733 2108 858 2173 domini
881 2130 984 2193 papae,
1007 2113 1046 2171 ut
1068 2107 1138 2173 solo
1163 2108 1229 2173 Ro-

167 2218 198 2244 “
222 2234 317 2276 mano
352 2211 499 2297 pontifici
523 2218 557 2275 et
579 2211 720 2276 ecclesiae
746 2211 903 2276 Reme-nse
937 2210 1029 2275 nullo
1063 2210 1230 2276 mediante

171 2325 201 2347 ¹‘
223 2315 428 2399 subjectum;
452 2315 541 2400 quod
564 2314 605 2379 de
628 2315 721 2378 nullo
744 2315 850 2379 adhue
882 2313 1017 2378 fecimus
1039 2315 1075 2377 in
1098 2313 1229 2400 Anglia.

170 2424 199 2450 ‘⁴
223 2418 385 2483 Praeterea
408 2417 563 2502 quamdiu
581 2417 748 2482 vacaverit
770 2416 905 2481 abbatia
928 2417 993 2481 ista
1014 2416 1230 2482 retinebimus

172 2526 200 2552 ‘⁴
223 2520 404 2585 custodiam
420 2520 489 2604 ejus
512 2521 547 2582 in
570 2542 671 2584 manu
694 2524 816 2598 nostra,
833 2540 874 2583 ne
897 2519 924 2583 si
947 2519 983 2583 in
1006 2541 1121 2584 manns
1143 2521 1230 2606 regis

172 2631 201 2656 ‘⁴
223 2623 461 2700 devolveretur,
486 2621 598 2685 omnia
632 2623 720 2686 bona
753 2623 824 2707 ejus
857 2622 1110 2687 confiscarentur
1144 2629 1178 2687 et
1208 2645 1229 2687 a

176 2736 199 2756 ‘¹
222 2726 442 2789 servientibus
480 2724 564 2809 regis
603 2724 834 2810 diriperentur,
872 2729 906 2788 et
944 2725 990 2789 sic
1027 2723 1229 2789 salvabimus

223 2828 315 2891 vobis
339 2826 485 2892 fortassis
508 2827 551 2890 ad
566 2827 747 2890 valentiam
770 2827 1025 2913 quingentarum
1048 2849 1230 2892 marearum

177 2948 198 2962 ··
222 2953 301 3016 quas
337 2930 463 2993 debetis
487 2928 670 2992 Romaniss'
716 2929 761 2993 Et
794 2934 873 2993 tune
907 2930 1049 2993 tradidit
1083 2930 1164 2993 mihi
1197 2936 1231 2994 et

178 3034 309 3097 cuidam
333 3033 489 3096 servienti
513 3054 571 3096 suo
594 3032 774 3096 custodiam
800 3032 943 3097 abbatiae
967 3039 1008 3108 et,
1026 3033 1106 3097 data
1133 3034 1230 3099 bene-

181 3135 334 3215 dictione,
351 3136 489 3199 recessit.

217 3425 265 3489 De
288 3423 452 3501 electione,
481 3423 738 3508 ceute-motione
762 3432 792 3489 et
816 3424 1041 3492 benedictione
1068 3427 1196 3495 abbatis

617 3527 797 3613 Βανά-Μή.

229 3668 271 3733 In
304 3669 420 3732 diebus
455 3669 520 3733 illis
553 3668 617 3733 fuit
650 3670 702 3733 vir
733 3669 814 3735 vitae
845 3673 1043 3738 venerabilis
1079 3674 1232 3739 dominus

188 3770 370 3836 Rondulfus
403 3770 491 3857 prior
526 3771 715 3856 Wigorniae,
739 3773 874 3839 natione
913 3775 1164 3843 Evesbamensis
1198 3785 1234 3842 et

187 3876 284 3938 etiam
319 3874 498 3938 monachus
533 3874 668 3960 carrituli
702 3875 915 3953 Eveshanriae,
938 3879 1025 3963 (ruod
1048 3885 1128 3944 tunc
1151 3885 1233 3945 tem-

188 3979 271 4062 poris
294 3976 376 4041 bene
399 3977 501 4053 licuit,
526 3976 685 4053 videlicet,
711 3979 798 4063 quod
821 3980 998 4045 monachus
1020 3981 1057 4045 in
1087 3982 1236 4068 pluribus

186 4078 391 4144 uronasteriis
437 4078 570 4143 haberet
611 4079 718 4143 locum
767 4081 804 4144 in
848 4082 991 4168 capitulo
1030 4089 1065 4148 et
1102 4085 1235 4149 stallum

187 4182 220 4245 in
271 4182 378 4245 choro.
448 4181 517 4244 Iste
557 4204 658 4266 quum
696 4189 781 4247 esset
815 4184 935 4249 electus
973 4185 1008 4249 in
1047 4184 1233 4275 episcopum

185 4284 373 4371 Wigorniae,
408 4285 678 4370 persuadentibus
709 4287 839 4351 domino
870 4309 946 4374 rege
968 4293 1002 4353 et
1025 4289 1157 4355 domino
1191 4292 1237 4357 le·

183 4393 262 4474 gato
285 4387 501 4451 remuntiavit
535 4388 684 4452 electioni
719 4412 795 4466 suae,
826 4395 860 4454 et
889 4391 1011 4455 electus
1041 4398 1091 4457 est
1113 4394 1149 4457 in
1171 4395 1238 4480 epi·

184 4512 317 4576 scopum
351 4490 530 4575 Wigornirn
569 4491 776 4557 cancellarius
812 4493 936 4558 domini
968 4495 1061 4581 regis
1108 4496 1236 4577 Quibus
1249 4519 1369 4581 nanduls,

186 4595 232 4656 ita
256 4594 395 4678 peractis
416 4592 509 4657 venit
532 4593 572 4658 ad
597 4617 656 4659 nos
689 4594 841 4660 dominus
864 4596 991 4683 legatus
1013 4598 1049 4662 in
1072 4599 1125 4665 die
1148 4587 1359 4666 εωιο-Ρῐῑοτοί

184 4701 294 4760 terum
335 4694 471 4760 Fabiani
509 4703 542 4760 et
581 4696 773 4773 Sebastiani,
810 4704 845 4765 et
867 4701 1032 4767 consuluit
1068 4703 1163 4771 nobis
1200 4656 1399 4774 atelleiiidbed'
