3270 5656
492 803 694 854 cunonrcon
716 802 873 853 nonnum
896 805 942 854 ne
964 802 1134 854 rursum.
1280 788 1322 855 37

287 1003 318 1045 ee
336 981 476 1046 vicissim
492 981 604 1046 iniisse
626 983 801 1046 certamen.
848 981 948 1046 Nune
963 981 1055 1046 navi¹
1069 1004 1183 1047 versus
1199 980 1490 1046 retlre1¹eA.D.1eee.

285 1083 432 1148 fluetibus
454 1084 592 1164 sublata,
616 1104 703 1148 nune
725 1082 768 1147 ad
797 1083 866 1148 ima
891 1084 1013 1150 eisdem
1036 1084 1168 1171 dejecte,
1192 1105 1322 1149 omnem

286 1208 367 1272 spem
398 1186 516 1251 solutis
547 1186 764 1273 perdiderant.
816 1186 977 1252 Exoritur
1008 1189 1159 1253 nauticus
1193 1187 1323 1261 elamor,

285 1289 399 1354 stridor
420 1289 620 1365 rudentium,
644 1288 788 1372 undique
810 1288 941 1354 lethalis
965 1289 1056 1354 dolor
1090 1288 1321 1354 accumulatur.

286 1389 425 1457 Tandem
448 1396 643 1478 tempestate
666 1389 788 1455 devicti
811 1397 845 1456 et
867 1413 960 1478 peene
983 1392 1018 1456 in
1037 1391 1189 1457 ultimam
1211 1391 1323 1477 deepe-
1336 1407 1440 1458 Narrow

286 1495 440 1560 rationem
475 1495 617 1572 deducti,
642 1497 717 1580 post
740 1514 849 1577 paoem
882 1495 918 1558 in
937 1517 1122 1579 ‚commune
1154 1495 1323 1581 perlatum,
1336 1491 1478 1607 ffisshist

287 1594 349 1662 Deo
361 1597 593 1684 Omnipotenti
603 1620 636 1662 se
648 1616 788 1688 suesque
803 1598 930 1662 animae
945 1596 1147 1682 loehrymoee
1163 1620 1323 1662 eommen-
1337 1610 1428 1661 wreck.

285 1698 406 1766 darere.
468 1700 578 1780 Quum
611 1722 682 1766 ecee
721 1700 917 1769 venerabilii
941 1700 1089 1787 pontifex
1114 1700 1321 1778 AEilwerdus,

287 1803 465 1869 reeordatus
485 1803 603 1868 merita
622 1806 727 1870 saneti
751 1807 886 1889 Deoque
910 1802 1021 1869 dilecti
1043 1803 1149 1890 petris
1165 1802 1324 1889 Eegwini,

287 1906 423 1989 geminas
438 1906 481 1970 ed
508 1905 616 1970 sidera
637 1907 760 1991 palmas
783 1906 972 1983 extendere,
997 1906 1078 1970 teliu,
1111 1905 1232 1972 refert:
1256 1905 1325 1970 “O

287 2013 302 2038 ‘¹
311 2008 425 2074 dilecte
446 2014 548 2095 pater,
571 2008 735 2095 Eegwine,
752 2011 804 2076 tui
820 2009 906 2075 servi
921 2030 1008 2075 nune
1025 2009 1185 2088 miserere,
1201 2029 1324 2095 noeque

288 2116 302 2141 “
312 2111 430 2195 pariter
444 2134 465 2175 e
479 2111 634 2197 praeeenti
649 2112 791 2198 periculo
807 2112 921 2178 mortis
936 2109 1055 2198 eripe.''
1101 2111 1206 2176 Vovit
1222 2113 1323 2176 etiam

288 2209 467 2298 hujusmodi
482 2218 619 2279 votum:
659 2215 725 2281 “Si
741 2216 833 2280 Deus
849 2214 1066 2300 Omnipotens
1090 2236 1148 2300 per
1169 2220 1229 2279 tue
1251 2213 1323 2277 dul·

289 2319 305 2349 “
315 2315 440 2381 eiesime
453 2317 572 2382 merite
585 2317 742 2404 dignatus
757 2318 857 2383 fuerit
876 2317 1161 2404 inpraesentierum
1176 2316 1323 2393 liberare,

289 2423 304 2451 ‘¹
313 2419 463 2484 scrinium
479 2419 544 2484 tibi
569 2440 611 2483 ex
626 2442 706 2486 auro
722 2427 756 2486 et
777 2424 914 2507 argento
937 2419 1052 2484 faciem
1075 2440 1267 2506 praeparure,
1291 2423 1325 2483 et

289 2525 305 2552 “
314 2528 454 2587 sancum
471 2521 709 2588 solemnitatem
725 2529 819 2588 tuam
833 2521 974 2609 ernpliue
991 2544 1089 2607 quam
1104 2532 1203 2587 antea
1217 2521 1326 2586 fuerat

289 2622 425 2709 “jubebo
441 2647 516 2690 eum
531 2623 654 2690 honore
669 2623 901 2711 frequentari.''
947 2624 1016 2689 Vix
1034 2625 1169 2690 verbum
1185 2623 1326 2710 eomple-

288 2733 379 2804 vemt,
404 2749 508 2813 quum
532 2748 618 2808 mox,
642 2750 710 2794 non
731 2728 889 2815 paulatim
913 2749 1028 2792 verum
1051 2726 1219 2814 gregatim,
1242 2748 1324 2813 pne-

288 2828 419 2914 eipiente
458 2830 610 2906 Domino,
642 2831 864 2917 tranquillitas
901 2830 1015 2910 redire,
1055 2829 1168 2895 soleris
1213 2828 1325 2893 radius

287 2930 469 3010 illucescere,
485 2933 581 2998 simul
598 2934 708 2998 omnia
722 2933 759 2998 in
774 2955 961 3021 prosperum
977 2933 1089 2999 cedere
1097 2957 1106 3013 ;
1121 2938 1232 2997 neutro
1246 2953 1325 2997 vero

288 3055 352 3100 eum
367 3036 487 3123 gaudio
503 3058 633 3101 cursum
649 3037 833 3115 extendere,
855 3058 894 3102 ee
917 3058 990 3101 eum
1009 3058 1136 3101 summa
1151 3035 1325 3100 velocitate

289 3141 397 3203 terrum
418 3146 536 3226 petere.
583 3140 628 3205 Et
651 3140 766 3205 etotim
789 3141 830 3204 ad
856 3139 1057 3205 Flendrense
1079 3138 1159 3204 litus
1188 3135 1325 3223 appulsi,

289 3239 418 3307 nimium
449 3251 466 3276 ‘¹
481 3246 596 3329 optata
618 3242 792 3328 potiuntur
829 3241 958 3307 erena.”
1005 3240 1155 3306 Indead
1181 3239 1325 3304 Heerde-
1340 3240 1413 3305 virg.
1426 3241 1484 3294 AEn.

288 3351 436 3409 mentum
465 3345 703 3430 pervenientes,
738 3346 795 3431 qui
822 3369 860 3413 οη
888 3350 1085 3431 tempestate
1116 3365 1188 3409 cum
1221 3348 1324 3407 matre
1340 3324 1357 3359 ι.
1372 3314 1427 3362 ιισ.

289 3469 339 3511 suo
360 3449 448 3534 apud
472 3449 622 3513 comitem
654 3448 819 3514 Flandrire
852 3447 1088 3533 hospitabatur,
1121 3467 1323 3512 communem

289 3571 445 3615 retensum
469 3550 581 3638 populi
604 3551 666 3616 sibi
696 3574 753 3637 per
783 3551 893 3617 omnio
921 3551 1079 3636 pendunt.
1141 3550 1258 3636 Sieque
1285 3555 1325 3614 ut

289 3651 428 3718 futurum
459 3676 568 3741 regem
598 3653 730 3741 Angliae
761 3654 854 3719 illum
892 3676 965 3719 eum
996 3652 1206 3720 veneratione
1234 3675 1323 3717 aesu-

289 3762 413 3834 nrentee,
450 3778 524 3821 eum
548 3758 674 3843 ingenti
713 3756 832 3822 laetitiu
865 3757 900 3821 in
930 3756 1085 3843 Angliam
1116 3756 1322 3842 repedarunt,

288 3878 418 3945 eumque
440 3881 558 3946 regem,
581 3866 620 3925 ut
643 3881 713 3924 mos
735 3865 793 3938 est,
819 3860 1070 3925 constituerunt.
1127 3858 1324 3923 Preelibetus

287 3958 381 4045 igitur
410 3962 577 4048 episeopus
603 3962 809 4041 AEilwerdue,
841 3984 909 4028 non
947 3964 1117 4027 immemor
1139 3960 1322 4047 sponsionis

288 4084 355 4142 sue,
377 4064 491 4130 statim
515 4069 555 4130 ut
576 4065 619 4130 ed
641 4066 770 4152 proprie
784 4066 878 4132 venit
893 4088 975 4153 opus
998 4064 1085 4150 quod
1109 4067 1247 4128 voveret
1269 4084 1323 4127 uo·

287 4166 410 4231 celerari
421 4167 529 4254 jussit.
576 4167 787 4255 Perfectoque
802 4168 921 4234 scrinio
935 4190 1010 4233 eum
1033 4188 1112 4232 euro
1127 4170 1162 4230 et
1185 4170 1322 4250 argento

287 4268 437 4336 adornato
459 4270 495 4336 in
517 4293 581 4357 quo
609 4293 697 4337 nune
726 4294 798 4338 osee
820 4272 924 4359 potris
955 4269 1057 4336 nostri
1082 4267 1186 4334 suncti
1210 4267 1321 4333 Odulti

678 4663 684 4693 ¹
697 4660 767 4728 narr]
781 4661 860 4722 nevis,
873 4660 927 4711 Mo.
