3264 5662
409 801 608 854 cusosroou
632 799 788 850 scuarin
812 800 858 848 un
880 797 1049 847 nvasnsrr.
1186 782 1249 846 139

206 981 287 1044 ferri
309 980 425 1056 solent,
447 986 482 1044 et
502 979 567 1043 alia
589 974 695 1042 dona¹
720 974 942 1061 importabilia
964 996 1038 1060 quae
1060 994 1120 1039 nos
1142 973 1410 1039 omniomnnce.

206 1082 384 1167 aliquando
417 1081 641 1155 sustinuimus,
675 1084 710 1143 et
738 1077 840 1141 vicini
872 1077 977 1142 nostri
1009 1077 1163 1162 gravius:
1193 1097 1252 1141 nec

207 1185 429 1271 intelligentes
459 1183 546 1269 quod
569 1181 712 1268 episcopi
734 1179 777 1243 ab
800 1179 975 1243 abbatibus
1006 1183 1046 1244 ut
1080 1179 1255 1243 monachos

207 1287 429 1374 deprimerent
466 1285 619 1351 facillime
649 1281 756 1348 solent
787 1282 960 1367 corrumpi,
992 1281 1081 1366 quod
1110 1302 1169 1346 nos
1199 1281 1256 1345 ali-

207 1389 340 1475 quando
378 1389 508 1475 experti
546 1408 668 1451 sumus,
748 1383 825 1449 Non
870 1383 1108 1448 intellexerunt
1154 1384 1256 1448 etiam

208 1497 342 1576 quantae
357 1512 511 1578 expensae
534 1490 602 1554 sint
624 1488 812 1553 necessariae
835 1487 877 1551 ad
900 1487 1101 1572 sequendum
1117 1508 1256 1551 conven-

212 1593 312 1657 ticula
349 1596 384 1657 et
416 1593 604 1657 vocationes
641 1590 874 1677 episcoporum,
906 1610 965 1654 nec
998 1590 1079 1654 scire
1101 1589 1257 1654 volebant

211 1695 298 1779 qnod
320 1694 505 1759 mortaliter
519 1699 689 1780 peccarent
703 1692 731 1756 si
746 1692 886 1758 scientes
907 1698 941 1757 et
956 1692 1102 1757 volentes
1118 1690 1258 1756 ecclesie

212 1820 280 1862 suae
294 1797 481 1861 adulterum
507 1795 796 1881 superinducerent
820 1816 921 1880 quum
948 1794 1069 1860 habeat
1093 1814 1256 1880 sponsum,

213 1899 383 1963 dominum
428 1897 585 1963 videlicet
634 1896 912 1974 Cantuariensem,
959 1897 1100 1962 ecclesiae
1137 1901 1258 1962 nostres

214 2007 358 2065 tutorem
371 2006 406 2065 et
421 1999 516 2064 nobis
539 2004 732 2086 perpetuum
748 2000 901 2086 legatum,
917 1999 969 2065 cui
984 2022 1062 2064 cura
1076 2000 1259 2064 animarum

215 2110 399 2173 nostranun
437 2126 458 2167 a
495 2102 627 2167 domino
666 2125 750 2189 papa
783 2108 833 2167 est
865 2103 1042 2183 commissa,
1081 2108 1116 2168 et
1151 2102 1260 2189 siquid

215 2207 357 2272 sinistrae
384 2206 489 2292 partis
511 2204 600 2292 apud
623 2227 681 2270 nos
704 2209 906 2291 compertum
929 2205 1029 2270 fuerit
1052 2205 1129 2270 oriri
1151 2206 1261 2291 potius

215 2309 285 2393 ejus
321 2308 457 2373 auribus
495 2308 662 2372 deferatur
696 2329 794 2392 quam
826 2330 886 2394 per
916 2307 1054 2392 alicujus
1100 2307 1260 2373 occultam

215 2411 411 2476 sententiam
442 2410 530 2475 locus
564 2402 696 2474 sanctus
734 2409 932 2495 depravetur
962 2409 1092 2495 injuste,
1130 2414 1170 2474 ut
1206 2432 1264 2495 per

216 2513 286 2597 ejus
317 2513 500 2599 corrigatur
522 2513 682 2577 cautelam
714 2519 748 2577 et
770 2513 988 2592 industriam
1026 2518 1060 2576 et
1082 2513 1140 2598 qui
1163 2512 1262 2577 talem

217 2615 382 2680 habebant
407 2615 528 2700 absque
555 2636 651 2679 onere
678 2614 916 2680 correctorem²
939 2615 996 2700 qui
1011 2615 1174 2702 corrumpi
1198 2638 1263 2679 non

218 2722 333 2803 potest,
365 2718 460 2803 quusi
491 2717 711 2803 relinquentes
743 2717 766 2782 J
768 2739 859 2783 esum
887 2718 1056 2804 petierunt
1087 2718 1263 2783 Barraban.

220 2818 265 2884 Et
278 2820 432 2884 omnibus
447 2817 564 2883 diebus
579 2819 660 2885 vitae
686 2841 768 2885 meae
792 2821 1051 2906 quandocunque
1079 2820 1121 2885 ab
1143 2820 1263 2886 abbate

219 2921 478 3007 deprimebamur
500 2921 603 3008 magis
618 2921 773 2987 volebant
796 2923 929 3008 quidam
944 2922 1018 2988 falsi
1032 2922 1148 2989 fratres
1162 2946 1183 2987 a
1196 2945 1264 2987 non

219 3046 277 3088 suo
308 3024 421 3109 judice
459 3025 607 3111 episcopo
638 3025 847 3111 Wigcrnensi
876 3027 995 3092 habere
1034 3027 1264 3093 correctionem

219 3148 291 3190 cunr
315 3126 481 3213 praedictis
504 3127 657 3191 oneribus
680 3149 778 3213 quam
802 3150 822 3191 a
844 3135 937 3214 patre
960 3151 1018 3194 suo
1034 3128 1264 3195 Cantus-riensi

220 3228 456 3315 archiepiscopo
472 3229 541 3293 sine
557 3229 645 3293 omni
661 3250 765 3307 onere,
788 3253 890 3315 quum
905 3232 992 3297 idem
1007 3232 1266 3318 archiepiscopus

221 3335 364 3394 nostram
388 3330 509 3396 habeat
533 3331 662 3396 unicam
688 3332 855 3397 ecclesiam
880 3333 916 3397 in
943 3333 1065 3420 Anglia
1090 3335 1153 3398 sibi
1179 3357 1266 3399 com-

222 3434 409 3498 mendatam
439 3440 474 3498 et
505 3433 579 3500 ideo
612 3435 874 3521 specialissimam
898 3442 973 3522 post
996 3437 1266 3504 Cantuaricnsem

221 3537 282 3600 sibi
306 3535 520 3602 intitulatam.
578 3536 685 3617 Quare
719 3560 926 3625 nequaquam
961 3541 1112 3606 omittere
1146 3543 1267 3628 poterit

222 3640 301 3723 quin
316 3639 359 3702 ad
375 3639 582 3706 vocationem
598 3645 744 3705 nostram
760 3641 803 3704 ad
818 3663 877 3707 nos
890 3643 1012 3721 veniat,
1028 3651 1062 3708 et
1077 3645 1268 3732 corrigenda

223 3740 269 3804 ita
290 3740 431 3827 corrigat
453 3742 541 3826 quod
563 3742 605 3806 ob
629 3742 793 3809 defectum
815 3743 885 3829 ejus
907 3746 949 3811 ad
965 3746 1134 3812 dominum
1149 3771 1266 3836 papam

223 3864 385 3908 recurrere
408 3865 466 3906 nos
489 3866 555 3909 non
578 3850 736 3931 oporteat

270 3943 334 4008 Sed
361 3966 421 4008 nec
447 3944 508 4010 hoc
531 3967 586 4010 eos
613 3946 742 4024 terruit,
767 3948 856 4033 quod
878 3969 938 4033 ego
960 3951 1103 4016 maxime
1125 3952 1267 4034 verebar,

223 4068 265 4111 ne
287 4046 315 4111 si
335 4047 503 4133 episcopus
526 4047 562 4112 in
579 4068 639 4112 nos
662 4054 696 4114 ct
718 4050 953 4114 monasterium
969 4058 1117 4118 nostrum
1139 4056 1268 4142 plenam

223 4148 357 4214 haberet
374 4148 639 4235 jurisdictionem
659 4151 702 4216 ad
723 4151 784 4217 hoc
807 4152 1003 4218 omnimodis
1026 4176 1156 4242 operam
1177 4158 1270 4224 daret

224 4251 321 4334 (sicut
337 4252 494 4337 magister
517 4251 714 4318 Willielmus
734 4254 775 4318 dc
791 4253 929 4319 Verdun
951 4277 1098 4322 summus
1121 4260 1269 4326 consilia·

222 4354 291 4417 rius
322 4353 394 4438 ejus
428 4375 512 4439 saepe
547 4354 691 4441 dicebat)
714 4355 802 4442 quod
825 4356 993 4444 episcopus
1023 4359 1126 4425 abbas
1159 4369 1271 4429 noster

224 4454 415 4534 efficeretur,
433 4456 519 4522 sicut
540 4455 606 4521 fuit
626 4457 744 4523 beatus
759 4458 936 4544 Ecgwinus
958 4462 1173 4547 praedecessor
1191 4465 1269 4551 ejus,

224 4558 309 4622 sicut
342 4557 488 4623 lecerunt
517 4557 659 4647 episcopi
690 4560 948 4628 Saresburiensis
979 4571 1013 4630 et
1036 4565 1270 4634 Bathoniensis

270 4777 276 4805 ¹
291 4774 353 4825 Sic.-
370 4773 418 4840 lece
428 4789 511 4824 onera
725 4776 731 4846 Ι
770 4779 956 4846 ²correclorem]
975 4784 1162 4847 correctionem,
1173 4787 1229 4837 MS.
