3264 5662
376 809 579 860 canorucon
601 808 760 861 annana
783 811 829 860 nu
852 809 1021 864 arnam.
1157 798 1222 864 269

173 997 319 1084 egregios
334 1018 432 1084 super
447 996 665 1064 Psalterium.¹
713 997 809 1064 Fecit
824 999 926 1063 etiam
942 997 1025 1064 duas
1040 998 1132 1064 albas
1147 1020 1221 1064 cum
1236 993 1391 1114 mffiw·

172 1100 385 1187 apparatibus
406 1121 486 1166 auro
508 1101 622 1179 textis,
651 1106 685 1166 et
709 1099 866 1169 ornavit2
890 1101 973 1166 duas
995 1101 1108 1189 nigras
1125 1123 1222 1189 capas
1282 1172 1291 1187 .

172 1201 307 1268 floribus
330 1225 409 1268 auro
429 1203 540 1268 textis.
586 1203 705 1268 Turres
728 1204 829 1269 etiam
859 1203 1057 1290 presbyterii
1078 1204 1165 1284 fecit,
1188 1210 1224 1271 et

171 1306 318 1392 quinque
333 1305 493 1372 tabellata
506 1305 637 1392 lapidea
651 1327 747 1393 super
762 1308 908 1393 quinque
919 1312 1007 1373 tecta
1022 1312 1222 1396 cryptarum,

171 1413 205 1474 et
227 1408 320 1473 illam
342 1414 471 1496 partem
486 1407 628 1474 ecclesiae
651 1430 725 1493 quae
749 1408 848 1495 [est]³
870 1431 968 1496 super
990 1410 1094 1476 altare
1116 1411 1223 1476 sancti

170 1510 194 1577 J
195 1510 335 1576 ohannis
354 1512 515 1599 Baptistae
538 1510 705 1598 reparavit
726 1515 803 1598 post
822 1511 1003 1579 secundum
1021 1534 1133 1578 casum
1153 1519 1224 1578 tur·

170 1616 224 1696 ris,
240 1622 276 1680 et
298 1616 376 1682 fecit
392 1637 463 1681 eam
479 1615 515 1679 in
530 1613 665 1680 modum
686 1614 936 1700 pinnaculorum
951 1615 995 1681 ad
1010 1615 1222 1682 deambulan-

170 1719 250 1787 dum
261 1719 348 1785 circa
359 1719 450 1784 illam
465 1723 594 1806 partem
610 1717 752 1784 ecclesiae
766 1738 841 1783 cum
852 1716 1016 1786 tabellatu
1027 1724 1062 1785 et
1077 1720 1225 1786 turribus

170 1821 331 1911 petrinis‘
346 1829 380 1889 et
401 1822 579 1888 fenestram
594 1821 735 1887 vitream
756 1820 792 1885 in
808 1819 1014 1908 presbyterio
1029 1822 1070 1888 dc
1085 1821 1226 1890 historia

169 1927 274 1994 sancti
309 1926 443 2014 ngini
472 1931 507 1991 et
538 1925 620 1990 duas
650 1922 798 1990 vitreas⁶
821 1923 858 1991 in
889 1923 999 1991 fronte
1033 1926 1227 1993 occidentali

168 2028 320 2096 ecclesiae.
366 2027 459 2094 Fecit
473 2027 574 2094 ctiam
590 2026 746 2093 thronum
767 2027 882 2094 feretri
902 2028 1008 2094 sancti
1031 2027 1174 2115 ngint
1191 2035 1226 2096 et

169 2133 278 2219 ipsum
303 2132 460 2198 feretrum
476 2130 613 2195 floribus
633 2134 668 2195 et
683 2128 850 2215 lapidibus
870 2131 1024 2218 preciosis
1039 2153 1099 2218 per
1113 2154 1224 2200 casum

168 2236 270 2303 turris
293 2233 509 2312 mutilatum,⁰
531 2232 706 2319 reparavit.
753 2231 848 2299 Fecit
870 2233 969 2299 etiam
994 2241 1138 2320 quatuor
1157 2237 1226 2323 pri-

169 2361 239 2405 mas
271 2339 364 2404 sedes
387 2338 427 2402 dc
450 2336 547 2402 choro
570 2335 688 2422 prioris
712 2340 747 2401 et
768 2336 890 2401 formas
920 2336 956 2401 in
979 2337 1093 2403 eodem
1116 2338 1223 2408 choro.

169 2442 239 2509 Iste
272 2443 374 2508 etiam
406 2441 496 2527 prior
534 2460 646 2506 omnes
677 2437 836 2505 fenestras
871 2460 1001 2526 magnac
1032 2439 1224 2508 infirmarias

167 2546 281 2611 ferreis
318 2544 496 2610 obstaculis
539 2542 685 2608 munivit
723 2546 758 2607 et
796 2541 879 2607 duas
922 2563 1014 2610 meas
1057 2543 1223 2611 seldarum

167 2649 203 2715 in
242 2648 350 2714 medio
389 2647 502 2733 magni
547 2646 613 2711 vici
647 2643 853 2712 Eveshamiae
902 2645 984 2711 emit
1024 2666 1046 2710 a
1083 2645 1223 2715 Ricardo

167 2753 236 2818 filio
260 2751 414 2837 Hugonis
446 2750 487 2815 dc
515 2748 667 2824 Warwio,
694 2752 729 2812 ct
760 2746 854 2813 dedit
884 2768 938 2812 eas
968 2748 1011 2813 ad
1042 2747 1224 2817 luminaria

166 2861 290 2921 sanctae
313 2854 429 2919 Mariae
452 2853 489 2918 in
511 2852 644 2938 cryptis.
692 2850 887 2915 Procuravit
910 2850 1013 2917 etiam
1036 2852 1124 2937 quod
1149 2852 1223 2919 Mu-

167 2957 261 3024 riella
283 2957 353 3022 fflia
382 2956 538 3022 avunculi
561 2955 613 3019 sui
637 2953 730 3019 dedit
753 2953 796 3019 ad
819 2953 1114 3040 eleemosynariam
1146 2965 1222 3046 post

167 3068 307 3127 mortem
340 3082 435 3125 suam
459 3065 494 3124 et
516 3059 659 3122 filiorum
694 3077 828 3121 suorum
857 3055 993 3122 domum
1017 3080 1117 3143 quam
1140 3061 1223 3127 emit

167 3165 202 3230 in
218 3163 385 3229 Evesham
402 3186 422 3226 a
437 3162 576 3248 praefato
594 3157 756 3224 Ricardo.⁷
806 3157 1000 3244 Capitulum
1023 3182 1082 3247 pro
1105 3161 1224 3248 majori

200 3339 276 3387 'The
287 3353 392 3401 passage
404 3333 579 3398 commencing
591 3344 616 3383 at
626 3335 669 3382 thc
695 3374 697 3395 ,
755 3330 1096 3399 'Isteetiam...llicardo.]
1133 3335 1163 3384 In
1180 3336 1223 3386 the

166 3418 230 3468 head
241 3418 272 3467 cs
278 3417 321 3467 the
333 3416 468 3481 preceding
478 3430 540 3479 page
549 3415 599 3463 and
608 3415 669 3463 end·
722 3411 792 3474 place
803 3411 833 3460 oi
846 3411 896 3462 this
915 3421 1040 3472 sentence,
1052 3414 1095 3464 the
1111 3421 1162 3464 two
1177 3416 1223 3465 lol-

164 3498 209 3562 ing
237 3497 297 3547 here
325 3497 347 3546 is
376 3495 533 3558 compressed
550 3494 576 3542 in
596 3492 667 3542 Harl.
721 3490 816 3555 lowing
832 3506 874 3540 are
890 3491 1039 3542 substituted
1055 3493 1224 3558 Μαμε-

165 3582 230 3627 attat
253 3577 306 3626 into
328 3575 371 3626 the
394 3574 526 3639 following
553 3572 668 3623 linesz-
694 3568 696 3579 '
721 3579 736 3601 “
755 3574 805 3624 Iste
821 3574 891 3639 prior
907 3576 968 3626 emit
983 3578 1070 3627 decem
1091 3594 1161 3631 acras
1177 3596 1222 3631 an·

164 3662 179 3685 ‘⁴
197 3657 260 3706 Post
277 3656 415 3720 prioratum
428 3669 488 3704 vero
499 3653 590 3703 multos
608 3652 669 3701 fecit
720 3658 736 3680 “
754 3669 816 3704 nuas
832 3665 905 3705 terrm
921 3656 952 3705 dc
969 3656 1098 3708 Randulso
1114 3658 1223 3725 Dispen-

163 3742 180 3765 “
196 3737 272 3785 libros
288 3735 471 3785 ecclesiasticos
488 3735 566 3782 bonos
583 3739 609 3781 et
625 3747 668 3781 nc·
693 3740 696 3777 :
720 3737 735 3760 “
754 3742 834 3783 satore
851 3734 878 3783 in
892 3735 1021 3785 Litlethon
1033 3736 1059 3785 in
1072 3739 1222 3802 adjutorium

163 3823 178 3846 ⁴⁶
197 3816 325 3874 ceresarios,
338 3823 363 3864 et
374 3815 458 3878 plures
474 3813 537 3862 alios
552 3820 604 3862 tam
616 3811 669 3861 Ve-
693 3780 696 3885 l
720 3818 736 3840 “
754 3813 878 3876 prioratus
893 3822 918 3865 et
935 3816 1100 3865 anniversarii
1112 3819 1223 3880 ejusdem

164 3904 179 3925 ⁴‘
196 3896 257 3946 teris
276 3893 430 3944 Testamenti
451 3908 525 3956 quam
537 3891 604 3941 Novi
616 3906 667 3940 non
693 3892 696 3963 ι
720 3896 734 3919 ‘·
753 3892 858 3942 Thomu
886 3893 984 3958 prioris.
1011 3893 1127 3947 videlicet
1155 3899 1223 3961 qnod

162 3980 177 4002 ‘⁸
196 3974 251 4024 aine
271 3989 365 4038 magno
389 3973 470 4037 pretio
489 3971 668 4034 compararit”
720 3978 735 3999 ‘⁸
753 3971 820 4022 idem
842 3973 911 4037 prior
929 3988 976 4037 pro
996 3981 1108 4038 tempore
1134 3986 1222 4040 pascat

162 4054 220 4105 'l’hc
243 4055 384 4104 remainder
403 4053 434 4101 of
450 4052 494 4102 thc
512 4058 620 4100 account
641 4049 671 4099 of
720 4056 735 4078 “
753 4053 841 4101 eadem
861 4052 903 4101 die
922 4052 1014 4116 viginti
1033 4054 1143 4119 quinque
1160 4072 1221 4121 pau·

162 4136 239 4185 abbot
266 4133 425 4197 Marleberge
454 4131 476 4180 is
504 4141 545 4180 too
573 4131 667 4196 closely
692 4124 695 4170 ἓ
719 4135 733 4158 “
752 4133 1219 4195 peres,etcommutavitacraseasdem

160 4215 395 4278 abridgedtoueed
408 4211 532 4261 collation.
718 4216 733 4238 “
753 4226 797 4274 pro
809 4219 876 4260 terra
891 4213 921 4262 de
935 4212 1108 4278 Benigwrthe.
1147 4215 1219 4266 Emit

194 4295 360 4359 ’ordinaviq
381 4294 458 4358 Vesp.
471 4295 521 4343 and
542 4293 666 4344 llarior-
719 4300 733 4318 “
751 4291 827 4340 etiam
852 4298 942 4340 terram
968 4292 995 4340 in
1023 4293 1158 4344 Mer-stowe
1188 4297 1220 4347 de

158 4372 268 4427 dinavit,
281 4370 354 4419 Bodl.
691 4403 693 4415 «
717 4374 733 4397 “
751 4370 860 4434 Ilugonc
878 4371 1037 4431 deWarwic,
1054 4381 1079 4422 et
1095 4373 1171 4423 aliam
1187 4378 1219 4427 de

193 4449 348 4515 'est]1bid.
691 4472 693 4507 ;
718 4454 733 4476 “
750 4448 802 4497 filia
824 4449 941 4512 Scrganti
960 4452 993 4499 ad
1017 4452 1219 4505 anniversarium

194 4533 275 4578 ‘cam
401 4527 520 4592 petrina]
551 4535 576 4578 et
603 4528 665 4576 duas
718 4531 733 4555 “
751 4543 832 4588 snum,
856 4535 882 4578 et
903 4530 1006 4580 boscum
1029 4530 1060 4579 de
1087 4532 1165 4582 Petro
1187 4535 1219 4585 de

155 4621 242 4662 turres
266 4608 327 4656 feeit
350 4622 424 4670 supcr
443 4608 548 4656 eandem
568 4615 665 4670 partem
718 4612 733 4634 “
751 4607 883 4656 Lemesad
898 4607 964 4656 idern
974 4608 1163 4671 faciendumne
1173 4614 1219 4663 ha·

154 4689 274 4741 ecclesias
287 4702 345 4735 cum
357 4686 471 4735 tabulatu
482 4685 587 4750 petrino.
622 4685 659 4735 ld.
691 4696 693 4741 ;
719 4691 733 4713 “
752 4687 811 4735 beat
826 4686 991 4749 pitanciarius
1008 4687 1062 4739 lucc
1084 4691 1117 4740 ad
1138 4693 1220 4743 antri.

190 4771 200 4797 ⁵
218 4766 326 4831 vineas]
341 4775 443 4824 veteres,
456 4765 530 4814 Bodl.
542 4765 597 4816 MS.
690 4786 693 4853 p
717 4773 732 4796 “
750 4776 862 4819 mentum
873 4769 1047 4824 animalinm.”
1067 4772 1149 4838 Scep.
1161 4781 1218 4837 200,

188 4850 198 4877 ⁸
217 4845 368 4911 mutilatam]
382 4844 541 4895 mutulatum.
576 4844 640 4895 Ibid.
690 4878 693 4896 .
718 4849 768 4898 and
779 4863 802 4912 p.
815 4851 872 4909 214,
884 4855 944 4900 sote.
