3264 5662
420 774 623 823 onnonrcon
647 775 803 823 insana
826 775 873 823 on
897 774 1065 822 nvnsnsu.
1203 762 1268 825 239

221 968 235 996 ‘⁴
255 960 311 1024 ille
333 980 432 1044 quem
455 958 552 1023 modo
576 958 740 1044 probastis
755 959 812 1023 sed
836 960 890 1024 ille
912 960 1026 1038 alius,”
1050 960 1109 1048 (cx
1136 960 1268 1024 nomine
1283 973 1350 1024 Ab.
1367 980 1438 1026 rara.

218 1061 307 1127 illum
330 1062 507 1146 designans
523 1082 626 1144 quum
649 1066 734 1124 esset
748 1060 794 1124 ibi
818 1063 974 1145 praesens)
993 1068 1121 1145 “quum
1136 1062 1269 1125 missam

217 1170 233 1196 '⁴
254 1185 363 1227 coram
379 1161 501 1227 abbate
517 1162 680 1227 celebrare
704 1160 839 1227 deberet
854 1168 890 1227 et
903 1163 1115 1228 femoralibus
1138 1170 1270 1240 careret,

216 1265 518 1330 “accommodavit
541 1264 572 1329 ei
595 1264 697 1328 abbas
727 1264 897 1329 femoralia
919 1287 986 1341 sua,
1011 1287 1112 1350 quum
1137 1267 1270 1330 missam

211 1374 232 1401 “
254 1367 453 1432 celebrasset
467 1365 680 1430 restituenda.
720 1365 775 1430 Ex
789 1366 841 1430 bis
856 1367 958 1431 etiam
974 1367 1163 1444 defectibus,
1176 1372 1271 1452 pater
1283 1384 1371 1435 Hence
1383 1385 1429 1434 rol-

212 1476 233 1504 “
256 1476 380 1548 sancte,
403 1471 528 1556 pejores
551 1468 818 1533 exordinationes
849 1470 1046 1555 supradictis
1068 1470 1163 1533 nobis
1193 1491 1270 1534 con·
1283 1451 1384 1581 mg,

210 1581 232 1606 ‘⁴
257 1572 414 1657 tigerunt.
461 1570 548 1649 Quia
563 1570 663 1634 libere
679 1569 941 1635 discurrebamus
965 1593 1159 1655 quocunque
1181 1570 1269 1635 vole·
1283 1584 1412 1647 maregard

206 1684 230 1707 ‘⁴
255 1674 380 1749 bamus,
405 1694 465 1736 nec
487 1677 619 1758 poterat
634 1672 723 1758 prior
745 1671 799 1736 vel
822 1672 879 1736 alii
895 1673 1049 1737 custodes
1071 1674 1195 1738 ordinis
1208 1693 1269 1736 nos
1282 1650 1393 1767 ffiffi

206 1782 233 1809 “
256 1775 358 1839 libere
380 1775 549 1859 corripere,
566 1774 661 1837 nobis
684 1774 960 1858 respondentibus
983 1775 1071 1858 quod
1088 1797 1155 1839 non
1177 1781 1269 1861 pote-

203 1888 232 1911 ·⁴
255 1882 332 1941 rant
346 1875 443 1941 nobis
465 1876 590 1939 victum
614 1869 649 1938 et
664 1875 825 1938 vestitum
849 1875 1009 1956 invenire,
1025 1882 1059 1940 et
1074 1898 1178 1961 quum
1201 1898 1269 1941 non

206 1985 234 2015 ‘³
257 1978 451 2042 haberemus
466 1976 548 2061 quid
564 1976 599 2038 in
615 1976 785 2040 refectorio
797 1977 1046 2055 comederemus,
1063 1979 1099 2042 in
1113 1978 1269 2042 thalamis

205 2086 234 2115 “
257 2085 292 2144 et
314 2078 445 2165 angulis
461 2099 573 2142 carnes
595 2078 804 2142 comedimus.
852 2078 898 2142 Et
913 2080 1057 2163 quidam,
1075 2081 1169 2164 quasi
1192 2092 1439 2145 oves'rhemonks

205 2192 231 2216 ‘⁴
255 2182 326 2246 siue
349 2186 479 2266 pastore
502 2183 656 2255 errantes
671 2179 900 2245 discurrebant
915 2203 974 2266 per
996 2183 1139 2267 patriam
1155 2182 1197 2245 ad
1212 2182 1270 2245 ab·
1282 2160 1418 2289 ξζᾶζᾛ

208 2292 235 2319 “
259 2284 366 2347 batiars
388 2282 522 2358 vicinas,
547 2281 605 2345 alii
628 2288 740 2346 autem
756 2281 799 2344 ad
814 2289 969 2368 cognatos
985 2291 1019 2348 et
1034 2284 1163 2359 amicos,
1180 2305 1268 2367 ‹pure-
1283 2292 1391 2370 stane·

206 2391 232 2419 “
254 2391 365 2448 rentes
380 2383 423 2447 ab
438 2383 486 2447 eis
508 2382 641 2467 aliquod
664 2383 804 2448 miseriae
826 2406 894 2448 sure
918 2384 1106 2462 remedium,
1129 2406 1268 2469 quorum
1281 2359 1431 2475 ffissfhle'm'

205 2496 231 2524 ‘⁴
255 2509 316 2574 ego
333 2487 457 2572 primus
472 2508 553 2561 sum,
570 2490 604 2549 et
619 2485 698 2549 facti
721 2507 834 2549 sumus
856 2487 951 2571 quasi
966 2486 1125 2572 girovagi,
1140 2487 1269 2550 nemine
1283 2491 1438 2543 chiefofthe

202 2597 232 2625 ‘¹
255 2589 451 2675 prohibente
469 2588 549 2673 quia
573 2587 766 2652 necessitate
781 2594 926 2674 cogente.
974 2588 1073 2653 Unde
1096 2589 1269 2673 pessimam
1282 2558 1379 2674 iffi

206 2700 233 2726 ‘³
256 2698 370 2756 notam
387 2690 531 2754 infamias
554 2689 760 2766 incurrimus,
784 2689 929 2776 illisqui
952 2712 1083 2755 causam
1106 2691 1271 2755 discussam

206 2805 230 2828 ⁸⁶
255 2793 361 2857 nostri
376 2791 567 2857 nesciebant
590 2791 776 2856 dicentibus
802 2793 891 2876 quod
922 2814 1019 2857 causa
1041 2793 1191 2858 libidinis
1214 2815 1271 2857 cx-

209 2905 232 2929 ·‘
256 2895 384 2981 plendae
399 2894 468 2959 haec
484 2895 628 2958 fecimus.
653 2893 768 2958 Abbas
781 2916 858 2958 vero
870 2900 904 2959 et
916 2895 1088 2981 complices
1103 2896 1154 2959 sui
1170 2896 1273 2960 omni-

206 3007 232 3031 ·‘
255 2997 317 3061 bus
340 2996 468 3059 viribus
483 2995 550 3059 suis
566 2995 736 3058 infamiam
752 3001 898 3060 nostram
921 2998 1190 3083 augmentabant,
1214 3019 1273 3061 nec

209 3108 231 3133 ‘⁶
254 3098 357 3162 abbas
372 3097 536 3182 superbis
551 3119 611 3161 nos
627 3097 830 3182 conipiebat,
847 3099 1036 3183 nescioquo
1053 3100 1172 3163 ductus
1192 3098 1271 3177 zelo,
1285 3115 1341 3164 Tho
1352 3117 1428 3165 abbat

213 3210 233 3234 ‘⁴
256 3201 311 3265 vel
326 3200 405 3285 quia
420 3221 487 3263 non
503 3199 671 3263 intellexit
687 3198 774 3282 quod
791 3220 903 3263 curam
919 3201 1104 3263 animarum
1119 3201 1269 3284 suscepit,
1284 3183 1400 3297 ‘rfflg‘

214 3303 310 3368 “vel
333 3302 420 3366 forte
451 3303 478 3365 si
510 3301 690 3385 aliquando
715 3322 815 3386 super
846 3301 959 3366 codem
998 3302 1084 3365 vitio
1107 3323 1182 3364 eum
1220 3324 1269 3364 ac-
1283 3315 1359 3364 them.

213 3416 232 3439 ‘⁴
255 3425 441 3469 ousarenrus
464 3403 651 3487 objiciendo
675 3402 772 3466 nobis
798 3404 887 3467 idem
910 3403 953 3467 ab
979 3403 1039 3467 bac
1064 3403 1271 3467 accusatione

214 3515 235 3542 ‘¹
258 3529 318 3571 nos
341 3506 521 3590 repelleret,
545 3505 606 3579 vel,
630 3505 718 3589 quod
741 3505 857 3569 melius
884 3505 987 3582 credo,
1018 3506 1119 3570 semel
1143 3528 1164 3569 a
1189 3505 1271 3570 facie

213 3609 321 3672 “Dei
360 3607 524 3704 projeetus
561 3606 669 3671 voluit
699 3613 734 3671 et
771 3607 853 3672 alios
898 3631 1006 3672 secum
1037 3608 1072 3671 in
1103 3608 1269 3674 intentum

215 3710 417 3774 “devenire
477 3708 585 3784 Unde,
632 3714 672 3772 ut
709 3708 792 3772 mihi
829 3710 968 3786 videtur,
1007 3710 1272 3775 exordinationes·

214 3821 233 3845 “
255 3818 376 3877 nostrae
406 3811 510 3896 magis
544 3811 580 3874 in
612 3815 711 3896 caput
738 3810 809 3893 ejus
836 3811 959 3876 debent
991 3811 1178 3876 redundare
1210 3812 1270 3896 qui

215 3913 349 3978 “dedit
387 3913 587 3977 occasionem
621 3912 842 3996 delinquendi,
874 3934 934 3977 nec
964 3913 1139 3997 impedivit
1169 3935 1271 3998 quum

215 4022 367 4102 “posset
390 4037 448 4079 nec
471 4015 643 4100 prohibuit
658 4036 759 4100 quum
785 4015 929 4090 deberet,
945 4036 1044 4098 quam
1067 4015 1197 4079 illorum
1213 4015 1271 4099 qui

215 4119 473 4202 “deliquerunt
536 4116 763 4202 Hospitalitas,
803 4128 897 4202 pater·
926 4122 1046 4194 sancte,
1085 4116 1174 4202 apud
1212 4125 1439 4244 nosllospitalpp

218 4222 391 4306 “penitus
422 4219 571 4304 deperiit,
608 4226 829 4305 praeterquam
864 4218 903 4283 de
943 4218 1108 4283 divitibus
1131 4241 1270 4304 quorum
1283 4193 1412 4323 fflgffi,

218 4331 237 4357 ‘⁴
256 4331 361 4388 terror
383 4323 446 4387 sibi
470 4324 576 4408 exigit
606 4321 769 4397 honorem,
800 4344 900 4407 quum
924 4322 1103 4385 secundum
1125 4323 1271 4408 regulam
1285 4325 1439 4379 aaronem.

219 4433 238 4458 “
258 4427 346 4490 beati
393 4425 564 4489 Benedicti
601 4446 759 4510 pauperes
804 4425 840 4486 in
884 4424 1003 4508 quibus
1042 4424 1133 4489 Deus
1167 4426 1272 4511 magis
1286 4443 1362 4509 [neg.

218 4527 435 4612 “suscipitur
472 4527 633 4612 suscipere
665 4532 700 4590 ot
732 4527 843 4590 fovere
876 4526 1076 4591 deberemus
1123 4527 1168 4591 Et
1205 4549 1272 4591 non
1285 4511 1380 4561 bened.

1353 4583 1391 4626 r·-

218 4633 240 4659 “
260 4636 392 4694 tantum
415 4629 624 4714 pauperibus,
656 4650 771 4693 verum
803 4630 903 4694 etiam
941 4629 1162 4695 servientibus
1199 4592 1337 4694 nos-cap.
1352 4577 1406 4642 ὦ]
