3270 5656
429 812 630 862 cnaeurcorv
653 813 809 863 assarna
833 817 879 863 on
903 817 1072 866 evasurus.
1210 807 1271 868 115

270 988 357 1053 unde
381 988 582 1054 defendatur.
630 991 717 1076 Ergo
740 996 826 1056 state
842 991 1011 1057 nobiscum
1026 994 1055 1056 si
1070 992 1181 1067 vultis,
1197 991 1275 1076 quia
1288 994 1438 1045 A·D·12⁰2·

235 1101 248 1122 “
270 1111 327 1154 nos
349 1112 455 1176 neque
478 1114 535 1178 pro
557 1093 629 1157 vita
651 1115 756 1178 neque
779 1116 837 1179 pro
860 1101 965 1160 morte
995 1117 1015 1157 a
1043 1094 1195 1159 libertate
1225 1115 1275 1157 re-

235 1203 250 1224 ·‘
271 1193 429 1270 cedemus,
445 1194 510 1258 nisi
531 1216 589 1281 per
604 1196 804 1261 sententiam
821 1197 945 1262 domini
960 1218 1063 1283 papae,
1080 1197 1166 1282 quod
1189 1217 1273 1260 nuu-

235 1312 248 1327 “
269 1317 367 1380 quam
391 1297 568 1383 continget,
590 1299 678 1382 quod
701 1298 855 1363 dominus
881 1321 967 1386 papa
981 1298 1137 1363 videlicet
1161 1304 1275 1363 contra

237 1408 249 1431 ‘⁶
271 1420 304 1463 se
333 1400 442 1485 ipsum
476 1406 511 1465 et
544 1402 710 1465 ecclesiam
745 1401 926 1466 Romanam
957 1407 992 1467 et
1020 1407 1072 1467 tot
1102 1400 1276 1488 privilegia

237 1502 493 1567 “Romanorum
524 1503 716 1589 pontificum
746 1506 945 1572 sententiam
977 1504 1041 1569 det.
1102 1504 1171 1568 Nos
1197 1524 1274 1568 vero

237 1614 252 1635 ‘⁴
274 1606 380 1690 parati
402 1626 515 1670 sumus
541 1627 635 1670 omne
662 1607 788 1692 pondus
814 1607 883 1671 litis
909 1608 946 1671 in
970 1630 1030 1671 nos
1056 1608 1224 1692 suscipere,
1241 1610 1276 1671 et

238 1715 251 1738 ‘·
272 1707 361 1770 adire
392 1709 514 1771 curiam
539 1707 730 1787 Romanam,
763 1715 797 1773 et
828 1715 914 1774 stare
945 1710 992 1773 ibi
1024 1732 1082 1795 pro
1112 1709 1273 1784 libertate,

238 1817 251 1841 ‘³
273 1831 338 1874 non
364 1816 404 1873 ut
425 1831 600 1896 evagemus
622 1817 662 1875 ut
684 1833 743 1876 vos
764 1810 881 1887 dicitis,
904 1812 961 1875 sed
982 1816 1020 1875 ut
1035 1811 1082 1875 ibi
1097 1812 1275 1876 moriamur

237 1911 297 1974 “si
320 1911 405 1977 forte
428 1912 620 1977 transierint
644 1912 713 1977 dies
731 1915 856 1994 nostri3
881 1920 915 1979 et
932 1914 1019 1978 sicut
1040 1915 1143 1979 irretit
1157 1914 1274 1978 volun·

236 2022 249 2048 “
270 2019 320 2078 tas
351 2015 387 2078 in
419 2013 501 2079 coelo
531 2015 578 2079 sic
608 2014 696 2080 fiat.''
765 2015 846 2081 Haec
885 2039 943 2081 nos
977 2016 1116 2081 sanioris
1148 2017 1274 2082 consilii

235 2116 343 2181 iratres
365 2139 440 2182 cum
470 2116 552 2182 fletu
577 2117 775 2183 dicebamus
818 2118 929 2184 Abbas
951 2140 1038 2199 vere,
1056 2120 1275 2184 constantiam

236 2225 375 2284 nostram
390 2219 516 2296 videns
534 2219 759 2285 considerabat
775 2222 885 2285 omnia
899 2220 1000 2285 rerba
1014 2222 1093 2298 haec,
1109 2222 1276 2287 conferens
1288 2234 1371 2285 Three

1287 2303 1435 2420 arra

236 2423 380 2489 monachi
411 2425 447 2487 in
477 2423 621 2489 crastino
651 2424 694 2488 ad
724 2423 920 2511 episcopum,
948 2425 1006 2511 qui
1031 2425 1219 2490 libertatem
1242 2429 1414 2498 etbishopto

232 2525 281 2607 jus
303 2526 446 2591 ecclesiae
468 2532 589 2591 nostrae
616 2531 872 2612 protestaremur
902 2532 935 2590 et
959 2524 1045 2612 quod
1071 2548 1276 2612 nequaquam
1288 2508 1438 2632 ξεᾋξζξω,

236 2651 304 2692 eum
319 2650 417 2694 causa
432 2628 634 2692 visitationis
650 2627 909 2705 admitteremus,
925 2635 959 2693 et
975 2651 1033 2714 pro
1043 2629 1118 2715 jure
1136 2628 1276 2694 ecclesiae
1289 2634 1426 2696 visitation,

236 2735 265 2795 et
279 2736 393 2796 eontra
406 2730 517 2795 omnia
532 2730 726 2817 gravamina
749 2752 823 2815 quse
845 2736 980 2817 propter
1002 2730 1063 2796 hoc
1085 2730 1181 2795 nobis
1203 2751 1277 2795 con·
1290 2702 1443 2818 {fflssm

237 2834 356 2921 tingere
403 2838 536 2919 possent
574 2832 832 2918 appellaremus;
870 2833 957 2918 quod
991 2838 1025 2898 et
1058 2835 1181 2899 factum
1220 2841 1277 2899 est.
1291 2835 1414 2897 appealto

238 2937 410 3023 Episcopus
436 2957 513 3000 vero
540 2956 573 2999 se
598 2935 812 3000 nihilominus
839 2941 1019 3002 venturum
1042 2940 1076 3001 et
1100 2935 1278 3002 secundum
1291 2901 1377 2951 Rome.

238 3038 472 3125 indulgentiam
502 3036 626 3101 domini
656 3058 758 3123 papae‚
789 3038 1008 3124 appellatione
1039 3045 1172 3116 remota,
1201 3039 1278 3125 jure

238 3145 420 3221 dioecesano,
437 3144 626 3230 corrigenda
647 3147 717 3207 tam
741 3145 775 3208 in
798 3147 905 3231 capite
922 3168 1019 3230 quam
1043 3148 1080 3210 in
1103 3146 1276 3212 membris¹

206 3272 265 3324 ,se
287 3256 505 3315 correcturum
530 3249 700 3314 asserebat.

235 2321 266 2386 in
280 2323 376 2388 corde
391 2343 471 2400 suo;
499 2326 534 2387 et
559 2324 797 2387 communicato
821 2323 953 2388 consilio
977 2324 1068 2388 missi
1083 2346 1195 2387 sumus
1209 2328 1276 2388 tres

250 3497 295 3564 De
318 3496 397 3565 dolo
418 3495 548 3563 (abbatis
569 3503 610 3562 ut
631 3502 766 3582 occepta
791 3495 967 3562 securitate
991 3502 1097 3562 statos
1119 3494 1178 3583 sati
1192 3494 1278 3581 epia·

359 3621 483 3687 copam
497 3597 689 3664 admitteret
711 3606 741 3665 et
762 3620 825 3664 nos
847 3598 880 3664 ei
898 3597 973 3664 dolo
992 3598 1143 3664 truderet.

277 3734 373 3814 Quod
389 3754 491 3818 quum
513 3732 628 3797 abbati
652 3731 877 3796 retulissemus
894 3731 938 3795 ad
953 3730 1070 3796 callida
1084 3736 1279 3817 argumenta
1292 3743 1347 3793 The
1359 3745 1434 3795 abbot

238 3841 267 3901 et
287 3841 419 3901 assueta
441 3835 592 3922 praesidia
614 3855 648 3899 se
671 3834 843 3912 convertit,
868 3839 903 3899 et
924 3856 982 3920 per
1005 3833 1163 3918 quosdam
1185 3812 1446 3928 fami-ssgfflm

238 3936 325 4005 liares
349 3960 426 4004 suos
441 3937 630 4002 sollicitavit
646 3937 831 4023 episcopum
856 3937 883 4000 si
907 3957 971 4021 quo
994 3934 1090 3999 modo
1113 3939 1221 4021 posset
1235 3933 1277 3997 ad
1291 3952 1368 4022 terma
1378 3944 1438 3994 with

238 4039 290 4106 hoc
321 4041 473 4105 inducere
512 4062 594 4115 eum,
622 4045 662 4103 ut
699 4044 831 4124 accepta
869 4038 1042 4103 securitate
1080 4042 1187 4100 status
1218 4036 1277 4112 sui,
1290 4010 1448 4137 {flssffil'g

238 4148 384 4213 videlicet
406 4146 492 4233 quod
522 4149 558 4211 in
588 4167 757 4232 personam
788 4167 880 4210 suam
903 4167 970 4208 non
993 4143 1277 4219 animadverteret,
1290 4143 1335 4192 but
1346 4143 1409 4194 fain.

237 4270 305 4313 enm
343 4250 541 4314 admitteret.
611 4249 684 4314 Hoc
737 4249 823 4313 enim
865 4224 965 4334 prius⁴
990 4247 1111 4311 fecerat
1148 4245 1278 4309 cuidam

238 4353 380 4439 episcopo
404 4352 618 4438 Wigomensi,
641 4350 789 4416 Johanni
813 4349 966 4414 videlicet
997 4349 1037 4413 de
1068 4347 1279 4423 Constantiis,

238 4475 327 4538 quem
356 4454 399 4519 ad
423 4454 601 4540 capitulum
628 4453 763 4517 admisit
787 4457 821 4517 et
845 4456 972 4517 statuta
998 4452 1068 4537 ejus
1093 4457 1127 4517 et
1151 4450 1280 4515 decreta

238 4558 350 4644 scripta
371 4563 406 4621 et
429 4556 521 4632 lecta,
544 4555 795 4621 reclamantibus
825 4554 990 4630 fratribus,
1021 4553 1142 4618 ibidem
1174 4558 1278 4619 custo·

577 4751 584 4780 ¹
602 4748 724 4814 moabia]
738 4749 856 4809 menbris,
868 4749 923 4799 MS.

1078 4845 1104 4892 Η
1128 4831 1148 4892 2
