3270 5656
431 814 632 864 canonicor
656 814 815 864 1111111111
838 816 887 864 nn
908 817 1078 868 nvrsnau.
1216 807 1277 868 101

231 994 265 1051 11
302 988 422 1053 stolam
445 995 480 1054 et
502 989 708 1076 manipulum
745 1012 819 1055 eum
858 991 1108 1058 tintinnabulis¹
1141 997 1175 1056 et
1214 992 1280 1056 alia
1336 1005 1404 1057 1111.

231 1089 430 1156 vestimenta
445 1092 533 1168 emit,
550 1097 585 1158 et
599 1093 706 1158 multa
721 1093 974 1160 obedientiarios
990 1117 1095 1160 emere
1111 1095 1277 1180 compulit,
1294 1077 1447 1129 ¹¹⁶⁰'¹¹⁹¹·

231 1192 381 1276 quaedam
406 1194 546 1260 redemit
568 1201 603 1259 et
625 1195 774 1280 quaedam
790 1195 880 1260 varie
904 1197 1037 1262 ornavit
1052 1203 1086 1262 et
1109 1197 1191 1262 bene
1213 1197 1278 1261 dis-

231 1295 347 1379 posuit,
365 1301 400 1360 et
421 1296 555 1361 Novum
577 1297 825 1362 Testamentum
849 1304 883 1363 et
907 1298 1010 1363 Vetus
1039 1298 1183 1386 glossema
1204 1299 1280 1365 huic

232 1400 372 1467 eeclesias
395 1402 578 1488 aorpuisivit.
611 1403 796 1468 Pistrinum
819 1403 928 1479 etiam,
952 1403 1123 1469 bracinum
1147 1411 1182 1469 et
1203 1427 1278 1491 gra-

233 1502 361 1568 narium
392 1509 427 1568 et
457 1509 552 1569 vetus
581 1504 770 1582 infinnaria,
804 1529 877 1591 quae
915 1528 1003 1572 nuno
1034 1512 1085 1572 est
1114 1506 1279 1572 thalamus

233 1604 366 1682 abbatia,
399 1612 433 1671 et
462 1607 631 1694 privatum
662 1607 891 1673 dormitorium
922 1608 991 1692 ejus
1020 1615 1167 1695 tempore
1193 1609 1279 1676 faeta

233 1718 315 1773 sunt.
371 1708 567 1796 Indaginem
590 1710 692 1775 etiam
715 1711 755 1775 de
778 1710 934 1776 Uffeham
958 1713 1071 1778 domos
1094 1717 1128 1778 et
1151 1713 1280 1777 vivaria

233 1816 266 1875 et
280 1811 463 1876 thalamum
479 1812 536 1897 qui
559 1833 646 1877 nunc
669 1813 784 1877 estad
806 1813 1019 1878 infirmariam
1042 1820 1077 1880 et
1098 1815 1278 1881 lectricium

234 1913 366 2000 capituli
390 1915 458 2000 ipse
484 1914 570 1981 fecit
636 1914 826 1981 Claustrum
850 1916 960 1994 etiam,
985 1918 1073 2002 quod
1096 1917 1278 1984 Mauricius

235 2021 265 2081 et
298 2017 500 2104 Reginaldus
532 2017 669 2083 abbates
705 2040 765 2104 pro
796 2023 890 2104 parte
928 2017 1080 2099 fecerant,
1111 2024 1146 2084 et
1183 2022 1279 2085 navis

234 2119 380 2196 eeclesiae,
411 2141 486 2185 cum
517 2119 681 2205 adjutorio
711 2121 826 2185 decani
858 2120 899 2185 de
922 2120 1043 2187 Welles
1077 2123 1221 2189 maxime
1244 2131 1278 2188 et

235 2221 368 2287 aliorum
391 2222 550 2286 bonormn
573 2223 727 2300 virorum,
752 2222 822 2307 ejus
856 2229 1003 2309 tempore
1025 2225 1170 2310 perfecta
1192 2231 1277 2290 sunt,

235 2323 277 2388 Et
309 2324 381 2411 ipse
415 2326 537 2390 multas
571 2325 729 2390 fenestras
752 2325 876 2389 vitreas
910 2327 1070 2412 apposuit,
1095 2333 1129 2391 et
1156 2327 1278 2392 multas

235 2429 350 2514 apponi
373 2427 458 2492 feeit.
518 2428 611 2493 Duas
645 2428 744 2492 etiam
775 2427 870 2491 hidas
893 2431 990 2493 terrae
1024 2427 1060 2492 in
1083 2428 1278 2494 Neuueham

234 2551 287 2616 pro
325 2536 458 2595 eentum
497 2530 613 2595 mareis
650 2530 731 2594 emit
769 2530 911 2594 ecclesiae
950 2526 1007 2594 isti
1038 2531 1080 2594 ab
1118 2531 1184 2595 illis
1221 2531 1279 2617 qui

235 2632 385 2698 dieuntru
399 2633 440 2698 de
456 2631 657 2698 Watteuilla.
704 2631 846 2698 Calicem
862 2631 965 2696 etiam
981 2654 1115 2697 aureum
1132 2634 1168 2697 111
1184 2635 1281 2720 regri·

235 2735 345 2801 tudine
368 2735 404 2799 in
427 2757 493 2821 qua
515 2734 653 2800 decessit
675 2735 747 2799 fieri
771 2733 857 2812 feeit,
881 2756 979 2819 quem
1003 2734 1150 2822 Rogerus
1177 2735 1280 2800 abbas

235 2843 342 2924 postea
365 2838 523 2904 distraxit
544 2859 603 2924 pro
626 2837 851 2923 redemptione
881 2837 968 2923 regis
999 2837 1140 2904 Ricardi.
1203 2839 1281 2903 Par-

236 2946 296 3006 tem
320 2941 422 3005 etiam
446 2940 535 3005 illam
559 2940 599 3004 de
623 2939 797 3026 Raggeleie
820 2961 895 3025 quae
918 2938 959 3004 de
982 2939 1076 3005 feodo
1107 2941 1205 3006 modo
1229 2948 1279 3007 cst

236 3048 265 3107 et
287 3043 498 3131 Kingleyam‚
526 3065 600 3128 quae
630 3042 764 3107 fuerunt
798 3043 964 3128 quondam
995 3043 1145 3107 vaccaria
1179 3044 1279 3128 hujus

236 3146 377 3222 eeclesiae,
418 3151 451 3211 et
495 3152 608 3232 postea
654 3145 812 3210 caducum
860 3167 918 3231 per
960 3145 1096 3210 exilium
1135 3145 1278 3210 Wiberti

236 3247 387 3329 Trunket‚
415 3270 496 3334 quas
530 3248 571 3313 de
597 3268 756 3313 consensu
789 3247 934 3333 ejusdem
957 3253 1032 3333 post
1059 3247 1277 3312 reversionem

235 3350 299 3435 ejus
321 3358 357 3416 et
391 3351 434 3416 ad
465 3350 661 3437 petitionem
693 3348 820 3415 domini
855 3348 956 3436 Regis
990 3348 1128 3415 dederat
1151 3349 1278 3435 Rogero

236 3453 297 3519 filio
320 3454 499 3531 willielmi,
523 3459 637 3540 postea
659 3453 701 3518 ab
725 3451 872 3517 Henrieo
894 3451 962 3516 filio
987 3451 1133 3538 ejusdem
1158 3451 1277 3539 Rogeri

237 3557 375 3622 redemit.
422 3557 486 3622 Sed
508 3557 683 3643 praedictus
705 3575 867 3620 successor
890 3576 943 3619 eas
968 3577 1010 3618 ne
1034 3554 1205 3620 exhiberet
1222 3577 1279 3641 pro

237 3659 276 3723 eis
298 3683 357 3725 sex
382 3659 532 3725 homines
565 3665 698 3724 tantum
731 3657 766 3722 in
790 3656 862 3721 vita
884 3678 1005 3738 eorum,
1030 3658 1099 3723 sine
1122 3679 1278 3723 consensu

236 3768 419 3838 conventus,
451 3767 581 3828 retento
615 3767 749 3826 tantum
780 3760 975 3838 molendino,
1009 3760 1157 3826 remisit.2
1213 3761 1280 3826 Hie

236 3866 328 3930 etiam
374 3865 519 3951 insignia
565 3863 761 3951 episcopalia
805 3868 926 3949 praeter
969 3864 1129 3928 annulum
1174 3863 1279 3949 primo

237 3968 372 4034 1111111111
396 3968 451 4032 1111
482 3966 669 4053 acquisivit,
693 3971 728 4032 11
751 3965 960 4052 privilegium
984 3965 1166 4029 Alexandri
1186 3987 1278 4051 papia

236 4071 317 4153 quod
360 4071 443 4135 bene
473 4074 626 4157 operatur
655 4068 698 4133 ad
730 4067 924 4133 libertatem.
997 4067 1119 4132 Verum
1154 4068 1279 4133 molen·

236 4172 345 4237 dinum
383 4173 425 4238 de
469 4172 654 4238 Samburna
691 4178 725 4236 et
763 4169 925 4236 Hoewike
964 4174 997 4234 et
1029 4169 1207 4235 Farintone
1244 4176 1279 4236 et

237 4272 423 4341 Wrotesleie
446 4281 480 4339 11
497 4274 675 4338 Livintone
698 4273 741 4338 ad
763 4274 892 4336 firmam
916 4271 1026 4358 posuit
1051 4276 1085 4337 et
1115 4272 1277 4358 virgatam

237 4381 324 4443 temo
348 4378 383 4442 in
408 4377 572 4441 Evesham
596 4376 741 4441 Emaldo
766 4376 995 4461 Cambelango.
1061 4375 1104 4440 In
1127 4374 1276 4441 Baddebi

266 4575 304 4600 ¹⁴⁴
313 4569 486 4620 tintinnabulis
530 4569 656 4634 argenteis,
704 4578 728 4619 ot
812 4568 895 4617 2Τ111
918 4583 1021 4632 passage
1047 4571 1145 4620 “modo
1170 4580 1207 4620 eat

238 4653 250 4673 ⁸*
259 4649 282 4698 ii.
295 4651 362 4700 albas
371 4651 642 4713 bonascomparescum
650 4649 728 4713 nigris
778 4646 892 4698 remisit’'
909 4648 953 4697 has
965 4650 1026 4698 been
1038 4649 1184 4700 aribatituted
1192 4652 1225 4716 by
1237 4652 1279 4701 the

238 4729 350 4791 “peruris
367 4738 392 4779 et
409 4728 507 4779 circulis
520 4727 622 4779 aureis.''
656 4728 726 4779 Harl.
778 4726 883 4791 original
902 4727 982 4777 scribe
1005 4728 1031 4777 in
1054 4729 1096 4780 the
1118 4730 1188 4794 place
1210 4731 1241 4780 of
1264 4748 1279 4781 a

242 4811 307 4871 uteo,
320 4810 336 4860 s.
351 4814 406 4859 los.
780 4808 879 4860 ahorter
890 4823 993 4875 pessime
1005 4811 1097 4862 11111111.
