3270 5656
413 797 616 848 canonicor
639 795 799 847 arnaria
821 800 869 847 nn
891 797 1063 849 nvmnau.
1199 788 1263 852 295

212 986 359 1072 virgatas
398 993 493 1053 terrae
531 993 565 1052 ct
601 987 781 1065 dimidiam,
821 1009 895 1072 quae
925 987 1041 1051 valent
1063 1005 1120 1073 per
1142 1006 1265 1052 annum
1319 1016 1389 1074 M),

212 1089 301 1153 ultra
336 1091 494 1177 reprisam
528 1092 771 1177 quinquaginta
808 1095 874 1155 tres
909 1090 1029 1154 solidos
1054 1095 1094 1174 ¹et
1128 1096 1269 1177 quatuor
1280 1084 1429 1143 meamet.

214 1193 370 1258 denarioe.
419 1194 579 1259 Similiter
590 1195 680 1280 apud
696 1193 858 1278 Wythley
872 1193 1050 1278 acquisivit
1060 1215 1163 1258 unum
1176 1199 1266 1261 tene

211 1303 359 1361 mentum
380 1302 415 1362 et
429 1298 601 1361 dimidiam
620 1299 783 1382 virgatam
798 1300 903 1371 terrae,
919 1296 1084 1381 quondam
1094 1296 1264 1379 willielmi

213 1399 357 1478 Musard,
398 1423 470 1485 quae
500 1401 612 1465 valent
651 1422 706 1485 per
737 1417 861 1462 annum
889 1399 1000 1464 decem
1030 1399 1157 1465 solidos.
1219 1402 1265 1466 Et

213 1503 252 1566 de
263 1504 286 1567 J
287 1502 416 1567 channe
433 1504 567 1567 Musard
584 1504 672 1589 apud
696 1503 892 1586 Seynebnry
907 1502 1051 1588 quinque
1067 1508 1263 1583 tenementa,

214 1611 355 1690 quatuor
376 1608 522 1691 virgatas
557 1611 591 1671 et
623 1627 682 1670 sex
706 1626 794 1669 acras
817 1610 914 1670 terrae
938 1609 972 1668 et
994 1603 1166 1670 dimidiam
1189 1620 1263 1672 cnm

213 1709 465 1793 pertinentibua
481 1713 514 1773 et
538 1729 640 1772 unum
666 1708 820 1785 clausum,
837 1729 909 1792 quae
925 1708 1039 1773 valent
1060 1729 1118 1794 per
1140 1728 1263 1775 annum

214 1816 353 1896 quatuor
375 1811 476 1875 librae
499 1818 533 1876 et
557 1810 801 1896 quatuordecim
825 1808 952 1876 solidos,
987 1809 1034 1873 Et
1054 1830 1159 1899 unum
1182 1834 1264 1879 mes-

214 1916 363 1999 suagium
413 1923 446 1978 et
484 1913 655 1977 dimidiam
692 1913 857 1998 virgatam
895 1918 992 1977 terrae
1031 1909 1071 1977 de
1108 1914 1265 1980 dohanna

215 2015 347 2080 Κοοεε1
382 2018 417 2079 in
449 2017 562 2080 eadem
590 2015 691 2093 viiia3
724 2020 758 2078 et
792 2036 895 2078 unum
930 2015 1075 2080 clausum
1109 2028 1264 2083 vocatum

215 2117 534 2204 Beventoneaplace.i
579 2118 625 2182 Et
647 2122 715 2181 tres
738 2139 828 2181 acrae
859 2124 955 2182 terrae
982 2119 1148 2203 quondam
1171 2120 1262 2185 Petri

216 2222 401 2298 Thorubon
419 2244 493 2307 qnae
508 2222 623 2285 valent
640 2242 699 2306 per
713 2240 839 2284 annum
856 2221 1078 2306 septendecim
1093 2222 1214 2287 solidos
1229 2228 1264 2289 et

214 2346 270 2389 sex
294 2325 452 2388 denarios,
501 2324 586 2388 Item
602 2323 639 2386 in
655 2322 688 2385 N
690 2322 978 2387 orth·Lnttultcne
994 2323 1058 2388 duo
1073 2329 1263 2391 tenementa

214 2433 247 2492 et
279 2427 360 2491 duae
383 2428 531 2512 virgatas
553 2432 657 2502 terrae,
686 2446 760 2510 quae
784 2426 899 2489 valent
932 2446 1137 2510 perannum
1174 2431 1261 2493 octu-

215 2530 317 2594 decim
340 2530 462 2593 soiidos
485 2533 519 2592 et
542 2528 652 2592 decem
676 2528 833 2592 denarius.
858 2528 998 2614 Insuper
1019 2529 1109 2615 apud
1125 2528 1262 2616 Donyn·

215 2637 290 2696 tone
330 2653 432 2695 unuin
471 2636 701 2696 tenementum
738 2635 773 2694 et
811 2651 869 2694 sex
891 2631 1037 2716 virgatas
1074 2637 1191 2710 terrae3
1229 2639 1264 2698 et

215 2757 316 2799 unum
339 2735 504 2819 eotagium
528 2755 602 2797 cum
625 2756 693 2796 una
716 2755 791 2797 acra
813 2739 909 2798 terrae
932 2739 967 2798 et
989 2734 1136 2814 dimidia,
1161 2756 1263 2822 quon*

215 2838 289 2901 darn
313 2838 336 2901 J
338 2838 476 2901 ohannis
493 2837 667 2920 Kyrkeby,
683 2841 718 2900 et
740 2836 852 2901 valent
874 2858 933 2923 per
955 2859 1079 2904 annum
1102 2840 1265 2927 quinqua

215 2942 306 3026 ginta
330 2942 474 3025 quinque
507 2940 627 3003 solidos
662 2944 696 3003 et
732 2945 875 3023 quatuor
906 2941 1066 3006 denarios.
1115 2943 1201 3008 Item
1225 2945 1265 3009 de

217 3044 361 3108 Waltero
377 3042 547 3126 defferey³
570 3064 676 3105 unum
700 3047 928 3107 tenementum
952 3065 1026 3108 cum
1050 3052 1193 3129 quatuor
1215 3070 1267 3112 co-

218 3148 324 3232 tagiia
360 3151 394 3210 et
427 3167 533 3209 unum
571 3146 795 3230 messuagium
828 3167 902 3209 eum
946 3148 1093 3232 quinque
1127 3150 1266 3235 virgatis

217 3255 310 3314 terrae
335 3253 368 3312 et
392 3248 550 3327 dimidia;
579 3270 651 3332 quaa
667 3248 780 3311 valent
804 3269 861 3333 per
883 3270 1007 3311 annum
1023 3251 1266 3337 quinquaginta
1369 3276 1377 3294 ·

218 3359 280 3416 tres
304 3350 427 3415 solidos
450 3358 483 3414 et
506 3354 648 3435 quatuor
663 3340 820 3413 denarios.
868 3350 1028 3416 Similiter
1049 3353 1138 3439 apud
1154 3353 1266 3419 Stowe

218 3460 355 3539 quatuor
378 3458 568 3518 tenementa
589 3459 622 3517 et
644 3457 711 3516 tres
741 3453 887 3537 virgataa
910 3458 1015 3532 terrae,
1048 3477 1121 3541 quae
1152 3457 1266 3522 valent

219 3580 419 3642 perannum
443 3557 663 3641 quadraginta
685 3575 789 3618 unum
813 3555 934 3620 solidos
951 3562 985 3621 et
1009 3565 1082 3623 octo
1106 3558 1265 3626 denarios,

221 3661 303 3724 Item
341 3661 377 3721 in
408 3659 565 3722 Nevbolt
604 3659 670 3722 duo
701 3662 892 3723 tenementa
931 3664 965 3726 et
1003 3661 1084 3727 duas
1119 3664 1267 3751 virgatas

219 3769 312 3827 terrae
336 3769 369 3826 ct
392 3762 571 3839 dimidiam,
589 3783 662 3845 qnae
684 3761 798 3825 valent
821 3783 1023 3848 perannum
1046 3767 1186 3853 triginta
1208 3788 1266 3833 sex

219 3866 335 3930 solidos
359 3870 393 3928 et
416 3870 489 3928 octa
513 3865 670 3928 denarios.
729 3864 815 3929 Item
850 3867 886 3930 in
911 3867 1024 3932 eadem
1057 3868 1097 3934 de
1121 3870 1267 3937 Henrico

221 3968 396 4033 Morehallc
421 3990 523 4030 unum
540 3972 763 4032 tenementum
784 3973 818 4032 et
840 3991 943 4033 unam
968 3977 1153 4036 carucatam
1168 3979 1266 4040 terrae

220 4093 314 4157 super
339 4071 465 4140 Stoure,
505 4074 657 4133 vocatam
690 4070 968 4155 Heyfurdnslond‚
994 4077 1027 4136 et
1059 4074 1171 4139 valent
1209 4099 1267 4163 per

208 4164 341 4237 'annum
364 4177 496 4237 centum
520 4173 647 4236 aclidoa.
704 4174 893 4259 Aequisivit
915 4175 1049 4261 insuper
1076 4173 1116 4240 de
1141 4172 1267 4266 Rogero

223 4278 394 4362 Hambury
434 4276 616 4340 manerium
654 4277 694 4340 de
718 4276 926 4351 Admuscote,
959 4279 1046 4361 quod
1084 4279 1173 4344 valet
1210 4303 1268 4368 per

222 4402 343 4444 annum
391 4380 511 4465 viginti
558 4402 689 4443 marcae.
768 4379 813 4446 Et
851 4380 891 4444 de
930 4381 1041 4446 eodem
1086 4385 1267 4450 manerium

255 4697 259 4722 ’
276 4694 372 4759 Karna]
389 4696 477 4753 Cukcs,
498 4697 566 4745 llari.
580 4700 652 4744 ³763.
805 4702 814 4728 ³
830 4699 953 4766 Jefferey]
968 4702 1079 4769 Geffray‚
1092 4702 1161 4754 Harl.

253 4774 512 4847 '‘Recentoricaglace]
557 4777 721 4827 Benintones-

223 4856 298 4914 place.
335 4856 398 4904 Ibid.
