3270 5656
422 824 625 880 csnoiucos
648 822 807 877 caussis
829 823 875 874 ns
898 818 1068 874 nvssssu.
1229 808 1269 871 31

231 1018 319 1072 vitam
339 1015 369 1070 in
389 1015 521 1086 ejusdem
539 1012 718 1084 depositione
736 1011 889 1081 legendam
907 1027 960 1082 pro
978 1009 1117 1079 temporis
1136 1008 1274 1080 qualitate

231 1101 341 1157 caritati
360 1106 467 1156 vestris
494 1098 633 1170 prolixius
659 1095 904 1166 transcripsimus,
929 1111 1004 1148 nunc
1028 1093 1126 1164 aliqua
1148 1093 1184 1146 de
1211 1094 1274 1164 ejus

231 1185 364 1257 operibus
389 1190 419 1237 st
436 1183 584 1237 miraculis
597 1182 627 1235 iii
645 1181 708 1251 ejus
727 1180 913 1234 translatione
932 1178 1055 1250 legendo
1066 1195 1119 1248 pro
1136 1177 1275 1248 temporis

230 1269 362 1341 angustis
390 1267 518 1323 breviter
547 1265 786 1337 perstringamus.
842 1263 951 1318 Beatus
984 1264 1083 1333 itaque
1120 1261 1275 1333 Enguinos

232 1351 399 1425 episcopalis
424 1351 509 1406 officii
535 1369 604 1405 cura
622 1355 765 1420 suscepta,
790 1366 846 1402 iioii
865 1353 925 1402 tam
942 1348 1080 1402 honorem
1098 1364 1185 1417 quam
1203 1363 1275 1400 onus

233 1455 260 1493 se
279 1437 442 1508 suscepisse
460 1435 635 1506 intelligens,
656 1433 750 1504 magis
770 1431 908 1505 prodesse
928 1450 1014 1503 quam
1032 1448 1157 1502 praeesse
1175 1447 1276 1485 concu-

234 1521 322 1593 pivit3
342 1520 432 1574 immo
448 1518 542 1590 magis
554 1517 718 1589 operarium
736 1518 767 1570 in
784 1517 868 1570 horto
881 1516 1031 1572 Dominico
1044 1532 1075 1570 se
1088 1515 1276 1571 constitutum

235 1605 366 1677 cognovit
377 1609 412 1660 ut
429 1608 598 1676 operaretur
610 1608 641 1658 et
658 1601 818 1657 custodiret
828 1599 912 1656 illud.

664 1940 769 1996 anrio
787 1938 845 1995 III.

270 2131 403 2188 Excoluit
427 2132 519 2202 igitur
542 2130 644 2185 beatus
668 2130 824 2201 Ecgwinus
848 2131 965 2185 hortum
984 2130 1169 2185 Dominiciim
1187 2148 1279 2184 remo·

239 2216 325 2272 sendo
343 2218 445 2272 nociva
463 2222 493 2270 ot
511 2214 677 2287 apponendo
695 2215 788 2279 utilia,
809 2215 885 2269 siout
909 2215 1050 2269 Dominus
1075 2214 1160 2270 dicit:
1193 2215 1278 2277 Ecce,
1293 2222 1346 2273 Jer,
1358 2223 1374 2272 i.
1390 2226 1427 2272 ιο,

241 2301 336 2371 inquit,
362 2301 447 2372 posui
472 2305 500 2353 te
520 2305 552 2352 ut
570 2298 693 2370 dissipes
721 2305 750 2352 et
773 2298 881 2352 evellas
905 2305 935 2352 et
958 2298 1082 2352 mdilices
1110 2304 1140 2352 et
1157 2299 1278 2369 plantes.

240 2383 364 2456 Dissipes
377 2390 407 2438 et
424 2383 532 2438 evellas
544 2382 625 2448 vitia,
646 2381 769 2436 aedifices
794 2389 824 2436 et
843 2383 957 2453 plantes
976 2382 1109 2436 virtutes.
1148 2382 1280 2452 Dissipes

240 2469 349 2523 arbores
367 2468 569 2530 infructuosas,
590 2466 697 2521 evellas
716 2466 819 2520 herbas
845 2466 972 2520 inutiles.
1010 2464 1146 2520 AEdifices
1164 2465 1282 2520 arbores

242 2552 406 2616 fructuosas,
432 2551 547 2622 plantas
577 2551 681 2605 herbas
712 2550 807 2605 utiles.
858 2550 906 2604 Sic
936 2556 966 2605 et
995 2550 1095 2604 beatus
1126 2550 1282 2620 Ecgwinus

243 2637 393 2706 assumpsit
421 2653 502 2689 arma
525 2634 692 2704 dissipandi,
714 2635 839 2688 securim
862 2633 998 2688 videlicet
1022 2652 1131 2704 asperis
1155 2634 1283 2705 increpa

242 2719 330 2783 tionis,
345 2727 375 2773 et
392 2719 491 2790 posuit
503 2735 566 2772 cani
584 2718 621 2772 ad
638 2718 765 2772 redicem
786 2719 897 2772 arboris
916 2719 1112 2783 infructuosas,
1133 2722 1162 2771 et
1180 2717 1283 2772 sulcem

244 2810 348 2857 acutam
361 2809 396 2856 ut
406 2802 511 2856 herbas
530 2802 645 2856 nocivus
658 2802 833 2867 eradicarct;
855 2808 887 2856 ut
899 2820 951 2873 pro
969 2802 1098 2857 saliunca
1116 2802 1284 2856 ascenderet
1296 2804 1329 2854 Is.
1342 2805 1374 2854 lr.
1389 2810 1426 2855 1³.

244 2887 315 2941 abies
328 2895 357 2941 et
369 2905 422 2956 pro
434 2887 527 2940 urtica
539 2892 682 2939 cresceret
694 2893 816 2957 myrtus.
854 2886 976 2957 Accepit
994 2887 1080 2940 etiam
1093 2888 1284 2940 instrumenta

245 2970 407 3033 edificandi,
423 2969 602 3040 putatorium
615 2970 752 3023 videlicet
771 2987 849 3024 vcrae
869 2970 1065 3024 instructionis
1084 2977 1113 3024 et
1130 2971 1283 3025 fossorium

245 3054 434 3108 saluberrimis
447 3054 657 3116 admonitionis,
678 3064 707 3106 ct
719 3072 789 3108 usus
803 3059 847 3109 est
859 3062 990 3125 potent-er
1003 3073 1088 3126 opero
1102 3062 1131 3109 et
1144 3072 1282 3116 sermone,

246 3148 353 3193 secutus
373 3139 476 3193 lesum
496 3136 551 3206 Qui
570 3138 658 3208 coepit
677 3138 770 3192 faeere
789 3146 819 3193 et
836 3138 947 3193 docere.

676 3512 780 3568 Lucrio
799 3511 852 3569 IV.

280 3709 370 3765 Seivit
387 3726 511 3780 namque
530 3708 634 3763 bes-tus
656 3708 811 3778 Eegwinus
831 3709 899 3780 quia
918 3711 967 3781 qui
993 3712 1095 3768 feeerit
1112 3721 1142 3768 et
1160 3714 1291 3771 docuerit
1303 3722 1338 3773 St.
1351 3723 1449 3773 Mittr

246 3793 284 3847 sic
296 3794 425 3849 homines
438 3794 485 3847 hic
497 3810 620 3863 maguus
633 3793 782 3848 vocabitur
796 3793 823 3846 in
836 3811 926 3863 regno
938 3797 1086 3860 ciclorum,
1101 3805 1131 3852 ct
1143 3801 1193 3870 qui
1225 3819 1291 3855 me
1305 3795 1343 3840 19.
1404 3857 1410 3868 α

247 3878 365 3932 seminat
377 3894 462 3947 pareo
475 3884 504 3930 et
516 3886 612 3939 metet,
627 3885 657 3930 st
676 3877 725 3947 qui
747 3877 870 3931 seminat
882 3879 912 3931 iii
929 3879 1137 3943 benedictione,
1158 3883 1194 3937 de
1206 3884 1290 3937 bene·
1306 3865 1319 3906 ²
1333 3859 1389 3907 ⁰⁰³·
1403 3872 1437 3906 ¹¹·

245 3961 415 4016 dictionibus
434 3966 523 4015 metet
541 3979 571 4015 in
583 3967 673 4015 sitim
691 3966 837 4015 internam.
877 3961 934 4016 Sed
946 3964 1022 4017 beati
1035 3984 1091 4018 viri
1104 3983 1201 4020 semen
1214 3968 1293 4022 aliud

246 4043 347 4099 cecidit
372 4062 454 4098 secus
473 4045 550 4099 viam
572 4050 602 4097 et
621 4043 803 4098 conculcatus
828 4051 881 4109 ost,
908 4053 937 4100 ct
955 4047 1087 4102 volucres
1109 4050 1175 4104 coeli
1200 4068 1292 4105 conio-
1307 4016 1342 4093 εἰ·
1356 4016 1427 4066 1¹¹¹}oe

1334 4083 1349 4094 ..
1374 4089 1384 4111 r
1406 4088 1418 4102 „

247 4128 349 4183 derunt
368 4127 451 4182 illud.
489 4127 530 4182 Et
551 4127 631 4182 aliud
649 4128 753 4182 eccidit
775 4146 862 4199 super
886 4135 998 4200 potrum
1025 4137 1055 4184 et
1080 4138 1180 4186 natum
1205 4135 1290 4199 aruit,
1306 4098 1358 4132 vm
1372 4103 1427 4133 Μ’

248 4213 313 4282 quis
335 4230 393 4266 nou
418 4212 541 4265 habebat
563 4212 722 4266 humorem.
762 4212 800 4266 Et
824 4213 903 4267 aliud
922 4213 1027 4268 cecidit
1044 4214 1119 4268 inter
1138 4217 1244 4287 spinos,
1265 4225 1294 4272 et

247 4296 330 4351 simul
353 4301 460 4350 exortis
485 4297 573 4366 spinoe
594 4296 805 4350 suffocaverunt
824 4296 906 4350 illiid.
954 4297 1124 4369 Expecta-vit
1147 4307 1244 4356 tomen
1261 4310 1295 4357 iit
1307 4306 1340 4356 Is.
1352 4322 1376 4355 v.
1389 4311 1411 4354 2.

249 4381 354 4435 iaceret
378 4397 459 4443 nvos,
483 4380 552 4433 feeit
575 4385 672 4434 autom
691 4380 858 4445 labruscas;
891 4387 920 4434 et
943 4385 1021 4436 terra
1045 4382 1122 4437 mala
1145 4386 1241 4454 spinas
1266 4393 1296 4441 ot

248 4465 368 4519 tribulos
391 4462 514 4535 protulit
538 4464 574 4525 ei,
601 4471 630 4518 et
647 4464 732 4518 vineo
757 4482 817 4527 suo,
846 4482 984 4520 conversa
1007 4467 1036 4519 in
1062 4469 1293 4533 amaritudinem,

249 4548 333 4601 odore
352 4565 405 4602 suo
424 4547 500 4600 malo
519 4565 537 4601 a
557 4546 631 4601 cella
647 4548 760 4602 vinaria
779 4565 845 4602 eiim
866 4550 984 4619 expulit.
1025 4550 1134 4606 Videris
1146 4553 1238 4622 igitur
1251 4555 1296 4610 sir

249 4642 362 4686 sanctus
387 4631 456 4702 quia
479 4631 532 4683 hoc
557 4649 648 4700 geniis
667 4631 799 4685 daemonii
824 4651 879 4686 iioii
903 4634 959 4687 nisi
980 4635 1092 4704 jejunio
1113 4642 1142 4690 et
1169 4639 1431 4696 orationessunt.

249 4715 371 4785 ejicitur,
386 4713 422 4767 de
435 4713 603 4784 episcopatu
623 4733 779 4771 conversus
798 4724 843 4771 est
861 4717 891 4771 iii
903 4717 1031 4784 exilium,
1046 4719 1082 4774 dc
1095 4720 1297 4791 praedieadoue
1311 4712 1371 4761 Wl-
1386 4718 1400 4760 ²

251 4799 283 4853 iii
300 4798 569 4870 peregrinationem.
