3264 5662
386 779 590 829 curromeou
613 775 771 826 nonaria
795 777 841 824 nr
864 775 1033 828 svesata.
1170 762 1232 825 291

193 956 289 1036 petuo
312 948 537 1013 obtinendam.
585 946 671 1011 Item
695 945 862 1011 ecclesiam
886 945 927 1010 (16
951 944 1122 1032 Baddeby,
1158 945 1237 1011 Lin·
1294 954 1362 1006 alt
1395 1021 1403 1042 ἱ

191 1052 360 1117 oolniensis
383 1049 551 1127 dioecesis‚¹
576 1072 634 1135 pro
657 1055 813 1135 perpetuo
836 1047 1073 1135 possidendam.
1119 1049 1239 1116 Postea
1252 1024 1402 1074 ¹³¹⁷⁴⁸⁴⁴⁴

192 1177 266 1219 vero
290 1155 352 1219 iste
376 1154 462 1221 idem
486 1153 588 1217 abbas
620 1152 802 1237 assignavit
824 1158 859 1216 et
881 1153 1038 1218 concessit
1069 1153 1170 1239 priori
1205 1158 1239 1221 et

192 1256 367 1323 conventui
410 1256 506 1322 istius
541 1255 682 1320 ecclesia
728 1254 921 1342 praedictam
975 1255 1143 1321 eeclesiam
1199 1257 1240 1324 de

193 1359 384 1444 Ambresley
423 1359 664 1445 imperpetuum
710 1379 784 1422 cum
825 1357 977 1422 omnibns
1010 1359 1078 1423 suis
1110 1359 1243 1445 jun'bus

193 1468 225 1526 et
278 1462 490 1548 pertinentiis
549 1459 723 1538 universis,
767 1460 811 1524 ad
850 1461 992 1546 ipsorum
1046 1461 1243 1549 indigentiae

194 1564 383 1641 relevamen,
406 1570 440 1628 et
463 1587 555 1629 suam
579 1563 766 1651 pensionem
790 1563 836 1626 eis
858 1562 900 1627 ab
924 1563 1062 1650 antiquo
1085 1564 1125 1630 de
1155 1565 1244 1631 dicta

193 1667 324 1732 ecelesia
357 1667 512 1742 debitam,
556 1666 709 1730 videlicet
745 1665 902 1730 tredecim
936 1667 1037 1731 libras
1070 1667 1242 1734 annuatim

193 1771 329 1858 argenti,
354 1771 425 1834 sine
448 1769 642 1834 difficultate
658 1769 869 1833 obtinendam
887 1776 920 1834 et
937 1770 1115 1841 secundum
1131 1792 1243 1841 eorum

194 1873 432 1938 ordinationem
458 1874 570 1958 (prout
600 1872 717 1935 melius
740 1870 900 1957 viderint)
934 1874 1024 1939 inter
1058 1873 1145 1960 ipsos
1177 1873 1243 1943 dis-

194 1977 376 2063 ponendam
392 1981 426 2039 et
442 1975 698 2060 expendendam.
737 1974 863 2040 Eodem
887 1976 983 2040 modo
1006 1977 1189 2063 assignavit
1211 1981 1246 2042 et

195 2079 351 2145 concessit
374 2079 494 2143 eisdem
519 2078 709 2164 praedictam
733 2078 900 2143 ecclesiam
923 2080 964 2143 de
987 2079 1148 2165 Baddeby
1172 2101 1245 2146 oum

195 2183 345 2247 omnibus
378 2182 509 2267 juribus
542 2186 576 2246 et
610 2181 820 2266 pertinentiis
848 2182 1020 2259 universio,
1055 2183 1098 2247 ad
1131 2205 1245 2250 eorum

194 2286 343 2351 similiter
359 2284 551 2370 indigentiae
574 2284 760 2348 relevamen
782 2288 816 2348 et
838 2285 1014 2350 secundum
1032 2307 1145 2351 eorum
1160 2285 1246 2352 ordi·

195 2390 363 2454 nationem
397 2389 484 2451 iuter
519 2388 604 2472 ipsos
636 2387 896 2473 expendendam.
953 2388 1003 2451 De
1038 2388 1099 2454 hac
1132 2393 1245 2454 autem

195 2490 326 2555 eeclesia
349 2490 388 2554 de
413 2490 573 2574 Baddeby
596 2489 711 2575 recipit
741 2489 877 2555 sacrista
912 2490 1008 2555 istius
1041 2491 1156 2556 domus
1187 2512 1247 2556 an·

196 2594 321 2658 unatim
357 2593 548 2678 pensionem
587 2592 728 2656 duarum
764 2614 958 2672 marcarum,
1011 2592 1051 2658 de
1097 2594 1247 2659 bursaria

197 2696 319 2761 domini
343 2695 481 2760 abbatia.
545 2695 632 2758 Item
663 2694 725 2759 iste
760 2695 862 2760 abbas
893 2695 1076 2783 assignavit
1108 2700 1143 2762 et
1174 2718 1247 2761 con·
1316 2727 1319 2734 ·

197 2800 292 2864 cessit
314 2799 491 2862 camerario
514 2798 609 2862 istius
632 2797 822 2862 monasterii
853 2797 938 2862 illud
961 2799 1182 2884 messuagium
1213 2807 1248 2864 et

198 2902 278 2966 duas
302 2907 470 2966 carucatas
494 2907 590 2965 terrae
614 2922 671 2986 per
696 2901 805 2986 ipsum
828 2901 979 2987 superius
1010 2901 1189 2987 acquisitas
1211 2902 1247 2966 in

199 3004 376 3089 Baddesey‚
401 3027 473 3088 quae
505 3005 670 3088 quondam
694 3005 830 3069 fuerunt
853 3004 1025 3069 Willielmi
1049 3005 1248 3081 seneschalli,

198 3129 269 3171 eum
293 3114 365 3171 tota
387 3106 512 3169 decima
527 3106 702 3192 garbarum
726 3108 768 3171 ad
792 3129 873 3192 opus
889 3113 1079 3185 conventus,
1095 3108 1146 3172 ita
1161 3107 1248 3193 quod

197 3209 303 3277 dictus
327 3209 523 3273 camerarius
546 3208 664 3275 reddat
687 3211 865 3274 conventui
888 3209 1027 3296 singulis
1062 3211 1159 3276 annis
1191 3232 1249 3297 pro

198 3313 422 3378 melioratione
460 3312 602 3376 vestium
646 3335 780 3377 suorum
815 3313 925 3376 decem
960 3312 1061 3377 libras
1098 3314 1250 3401 argenti3

197 3421 230 3479 et
253 3417 341 3501 quod
374 3415 644 3500 quandocumque
667 3421 736 3479 tam
760 3414 881 3480 minuti
904 3437 1002 3499 quarn
1027 3415 1250 3481 commonachi

199 3519 388 3584 monasterii
411 3519 507 3582 istius
533 3517 564 3600 (a
587 3517 693 3604 priore
728 3516 781 3581 vel
819 3518 862 3581 ab
890 3519 960 3602 ejus
990 3519 1079 3585 vices
1117 3508 1249 3606 gerente

199 3623 337 3686 obtenta
359 3621 505 3707 licentia)
530 3620 654 3684 ibidem
678 3620 846 3685 comedere
869 3621 1045 3699 voluerint,
1068 3623 1251 3711 percipient

198 3726 238 3789 de
260 3724 391 3789 cellario
415 3731 449 3788 et
473 3725 512 3788 de
537 3730 677 3807 utraque
693 3725 834 3808 coquina
849 3726 1036 3791 corrodium
1051 3726 1095 3791 ad
1110 3748 1164 3792 eos
1179 3749 1250 3812 per-

198 3829 308 3892 tinens
331 3827 412 3892 adeo
436 3827 531 3912 plene
554 3827 638 3890 siout
661 3828 866 3913 perciperent
881 3828 909 3892 si
925 3828 960 3893 in
976 3828 1036 3894 hec
1051 3829 1250 3895 monasterio

199 3937 406 3998 morarentur
437 3937 470 3993 et
502 3931 715 3995 comederent.
772 3930 932 3996 Similiter
966 3933 1124 3997 concessit
1146 3932 1251 3997 officio

198 4034 378 4100 hostilsriae
394 4040 539 4097 veterem
563 4054 724 4097 eameram
743 4033 831 4097 inter
854 4033 1063 4100 refectorium
1086 4040 1120 4100 et
1143 4034 1252 4100 eadam

198 4137 367 4225 hospitum
392 4136 521 4200 abbatis
551 4142 705 4212 stantem,
729 4136 772 4200 ad
795 4137 996 4202 dilatandam
1014 4144 1048 4203 et
1070 4136 1252 4203 faciendam
1323 4128 1329 4138 ’

198 4241 308 4307 aulam
347 4245 380 4303 et
418 4261 578 4303 cameram
612 4262 671 4325 pro
704 4239 785 4305 viris
818 4240 977 4325 religiosis
1000 4240 1253 4306 advenientibus

199 4344 368 4409 honestius
392 4349 426 4407 et
448 4343 617 4407 decentius
641 4365 739 4428 quam
763 4347 841 4407 ante
863 4343 978 4409 fuerat.
1027 4344 1120 4408 Fecit
1152 4343 1251 4408 etiam

234 4543 241 4546 .
252 4542 436 4550 —-—-.-..
447 4544 795 4551 ψῃ

235 4671 241 4697 ¹
260 4668 380 4733 diocesis]
400 4669 426 4719 in
444 4669 556 4733 proprios
571 4685 629 4720 usus
641 4685 698 4719 eum
710 4672 826 4722 omnibus
834 4667 935 4735 juribus
952 4679 977 4721 et
995 4670 1181 4735 pertinentibus
1193 4670 1252 4721 suis.

201 4749 269 4798 Add.
284 4749 353 4798 Harl,
1244 4772 1247 4776 ’

1057 4838 1122 4899 rt
