3264 5662
487 812 690 865 ouuomcou
713 812 872 861 uumrm·
895 812 942 861 os
965 809 1135 861 svesaim
1272 799 1335 865 240

285 1001 470 1089 aliquando
485 1000 709 1067 debulcmmus
724 999 895 1064 brachium
911 1000 1017 1063 sancti
1034 998 1185 1084 Ecgwini
1201 999 1237 1062 iu
1253 1000 1340 1085 cupi·
1351 1011 1419 1063 Am.
1435 1018 1505 1064 mro.

283 1106 398 1170 tulum
421 1110 456 1170 cb
474 1103 706 1191 juraverumus
728 1123 826 1188 super
848 1122 886 1166 eo
910 1100 998 1187 quod
1021 1101 1166 1167 fideliter
1180 1106 1341 1166 staremus

283 1208 387 1271 simul
425 1207 461 1271 iu
499 1204 642 1294 negotiis
685 1203 828 1271 ecclesiae
872 1209 995 1270 nostroe
1035 1210 1151 1269 coubru
1187 1202 1340 1268 abbatem

282 1315 448 1374 nostrum.

335 1420 381 1485 Eo
402 1420 554 1507 quumvis
577 1418 718 1484 difficilis
740 1425 826 1483 osset
848 1418 1017 1504 responsio
1041 1419 1121 1505 quio
1143 1417 1268 1484 fectum
1291 1419 1341 1484 itu

281 1546 325 1590 so
346 1523 497 1600 habebut,
520 1528 632 1588 tamon
655 1521 807 1608 respondi
830 1521 879 1586 ita
897 1545 950 1586 :—

337 1842 525 1932 Roerosio
560 1842 695 1910 Tboouo
732 1840 894 2010 uppriocbo'
927 1849 1048 1910 contro
1085 1840 1297 1929 objectionem

790 1944 885 2011 botis.

339 2100 357 2130 ‘¹
372 2094 532 2174 Quamvis
566 2092 633 2158 tole
667 2091 793 2156 factum
817 2113 884 2156 non
907 2090 1048 2156 sufficiat
1071 2091 1114 2156 ud
1137 2092 1342 2178 probandum

291 2208 311 2233 “
334 2219 398 2261 non
433 2195 681 2281 conspiratores,
702 2200 815 2259 tumen
839 2215 880 2259 ne
904 2216 945 2259 ex
968 2194 1030 2259 hoo
1060 2195 1147 2259 facto
1170 2195 1271 2260 alicui
1294 2196 1342 2261 rci

291 2309 313 2334 ⁴‘
336 2299 513 2375 videamur,
548 2298 668 2373 sciatis
701 2302 796 2382 poter
828 2300 949 2373 sancte,
980 2296 1069 2381 quod
1100 2296 1202 2361 abbas
1233 2303 1343 2363 nostor

294 2412 314 2436 “
335 2402 416 2465 alies
449 2421 547 2486 super
570 2399 631 2465 hoc
653 2400 768 2464 eodem
790 2397 877 2463 fecto
907 2420 1017 2464 coram
1040 2399 1173 2464 domino
1197 2398 1343 2465 Contuc-

297 2511 314 2539 ⁴‘
337 2503 435 2568 riensi
458 2509 539 2568 tuno
561 2502 717 2587 temporis
751 2501 939 2587 apostolicae
969 2500 1055 2565 sedis
1077 2501 1187 2587 legato
1208 2523 1269 2567 nos
1291 2524 1343 2568 oo·

296 2616 313 2641 ⁴‘
335 2605 469 2671 cusorit.
515 2602 581 2683 Qui
611 2610 693 2669 tuuc
718 2603 864 2669 decrevit
889 2607 1025 2689 propter
1048 2603 1110 2668 hoc
1134 2603 1258 2669 fuctum
1284 2627 1345 2670 nos

299 2715 317 2743 “
337 2729 404 2773 non
422 2706 540 2771 debere
557 2705 622 2770 dici
639 2704 887 2791 conspiratores,
903 2705 961 2769 sed
975 2708 1089 2771 tamen
1112 2707 1344 2792 poenitentium

299 2808 470 2874 “cuilibet
494 2813 643 2873 nostrum
670 2829 729 2893 pro
757 2807 869 2871 codem
894 2806 981 2872 facto
1008 2807 1164 2893 injunxit.
1211 2810 1256 2875 Ee
1271 2832 1345 2875 oum

300 2919 316 2947 ‘⁴
339 2934 405 2975 uon
438 2910 557 2997 puniat
588 2909 678 2974 Deus
701 2908 753 2973 bis
783 2910 820 2972 in
850 2909 1003 2995 idipsum,
1028 2933 1095 2975 non
1127 2910 1226 2977 debet
1249 2912 1344 2978 nobis

298 3024 315 3048 ‘⁴
337 3013 483 3099 reputari
505 3013 549 3076 ad
583 3013 713 3098 culpam
746 3011 835 3097 quod
867 3034 925 3098 per
954 3013 1170 3078 sufficientem
1197 3013 1343 3080 deletum

301 3128 315 3150 ‘⁸
338 3122 387 3181 est
409 3114 570 3203 poenum.''

413 3421 545 3486 Iterato
562 3419 695 3506 objectio
722 3419 853 3486 obbatis
877 3428 996 3487 contro
1023 3430 1233 3490 corruentem.

344 3582 455 3660 Quum
479 3579 590 3665 itaquo
613 3586 746 3666 propter
777 3580 862 3645 hano
883 3602 1015 3645 causam
1046 3582 1198 3647 domiuus
1221 3583 1447 3670 legubusneu-

301 3685 416 3747 imbres
450 3686 578 3747 nostros
602 3706 622 3745 u
643 3683 835 3747 testimonio
865 3703 933 3747 non
955 3683 1137 3770 repelleret,
1160 3685 1280 3750 iberum
1304 3688 1345 3751 ml
1359 3678 1498 3787 {ffi‘gf

300 3808 353 3850 cos
383 3784 587 3870 repellendos
617 3806 637 3847 a
666 3785 857 3850 testimonio
888 3785 992 3850 abbas
1022 3786 1159 3852 cuilibet
1188 3793 1347 3867 nostrum,
1359 3812 1416 3867 tory

301 3892 519 3974 pmurquam
552 3887 658 3950 tribus
690 3888 747 3972 qui
781 3891 896 3951 contro
926 3908 1001 3952 eum
1032 3889 1258 3954 testimonium
1281 3914 1347 3957 non
1360 3870 1473 3935 ΜΨ

299 3989 544 4077 perhibuerunt,
566 3988 700 4074 aliquod
723 3990 846 4054 crimen
870 3989 998 4073 objecit,
1024 3995 1059 4054 eb
1081 3993 1243 4078 puccipue
1266 3995 1348 4058 mihi

302 4092 407 4156 multu
422 4090 579 4177 opprobio
595 4091 690 4154 dixit.
737 4091 843 4177 Super
858 4113 923 4177 quo
939 4092 1067 4177 legatus
1090 4094 1250 4180 corripuit
1265 4118 1348 4174 oum,

301 4214 444 4258 asserens
467 4191 554 4277 quod
578 4197 707 4257 coactus
732 4194 861 4258 locutus
881 4194 943 4258 sim
967 4200 1081 4258 contro
1103 4217 1189 4274 eum,
1204 4203 1238 4261 et
1262 4199 1349 4283 quod

303 4295 443 4359 multum
477 4294 587 4358 verbis
619 4296 816 4380 pepercerim
852 4296 886 4359 iu
917 4296 1079 4380 loquendo
1110 4303 1225 4362 contro
1264 4322 1348 4381 eum,

303 4397 442 4461 multum
475 4397 703 4461 commendans
726 4421 777 4462 me
801 4399 888 4482 quod
919 4399 1015 4464 bomo
1046 4399 1141 4464 summ
1173 4400 1291 4466 fuerim
1315 4404 1350 4467 iu

304 4499 391 4562 curia
418 4497 567 4561 Romarm
589 4521 690 4583 (prum
714 4498 761 4563 ibi
796 4501 857 4563 sub
887 4500 948 4564 ulis
983 4500 1054 4585 ejus
1088 4503 1259 4569 stetissem.
1305 4505 1350 4570 Et

304 4623 402 4685 quum
426 4599 510 4662 nihil
543 4622 585 4664 cx
620 4600 671 4664 his
706 4623 780 4686 qum
811 4603 906 4666 nobis
936 4603 1059 4687 objecit
1082 4604 1182 4669 abbas
1213 4606 1351 4692 probare

307 4707 421 4787 posset,
454 4724 513 4767 neo
547 4703 610 4768 sibi
643 4702 778 4788 objectis
808 4704 905 4769 alitor
939 4727 1038 4791 qums
1073 4707 1267 4792 praedictum
1300 4719 1351 4776 est
