3264 5662
426 781 626 835 onnomoon
649 781 807 833 snnsrrn
830 783 877 831 nn
899 780 1070 831 rvrsnsu.
1208 766 1274 838 237

225 977 241 1007 ‘⁶
263 971 450 1037 credantur.
498 970 543 1035 Et
567 970 646 1057 quin
663 970 750 1056 juris
773 970 872 1056 periti
894 969 975 1035 estis
989 990 1056 1034 non
1072 974 1124 1034 est
1145 988 1275 1034 necesse
1286 992 1356 1045 Μ),
1370 997 1441 1044 1213,

225 1082 241 1107 “
262 1096 334 1138 mea
357 1075 441 1138 circs
463 1073 652 1158 hujusmodi
670 1072 748 1157 jura
770 1072 921 1157 allegare,
943 1093 986 1136 ne
1008 1071 1111 1137 taedio
1124 1092 1184 1135 vos
1207 1069 1275 1134 affi-

227 1184 240 1209 “
262 1176 357 1249 ciam,
381 1175 534 1261 quamvis
556 1174 599 1239 ad
622 1174 870 1240 exeusationem
905 1174 986 1237 mihi
1019 1171 1163 1239 sufficiat
1185 1173 1274 1258 quod

225 1284 241 1312 ¹‘
262 1278 340 1341 licet
378 1276 547 1342 monachis
574 1276 653 1361 jurc
675 1277 827 1361 ignorare
884 1275 978 1341 Licet
1005 1274 1107 1341 etiam
1130 1275 1274 1340 subditis

225 1387 241 1413 “
262 1379 417 1466 praelatos
454 1399 605 1443 accusare
642 1377 774 1463 quando
805 1398 863 1463 per
892 1399 1004 1442 eorum
1035 1377 1273 1441 accusationem

224 1491 239 1517 ‘⁴
259 1503 359 1568 grave
382 1479 562 1566 periculum
586 1480 716 1544 vitatur
737 1480 792 1543 vel
815 1479 962 1543 maxima
983 1478 1113 1544 utilitas
1135 1479 1274 1563 acquiri-

222 1593 238 1617 “
261 1592 325 1659 tur,
348 1587 408 1647 aut
430 1582 458 1646 si
481 1603 549 1646 non
579 1581 807 1647 aceruaverint
832 1581 913 1666 ipsis
936 1581 989 1645 vel
1011 1580 1153 1646 ecclesiae
1174 1602 1275 1665 grave

221 1684 507 1749 “incommodum
542 1683 594 1749 vel
633 1683 815 1769 periculum
847 1682 1007 1757 imminet,
1043 1682 1097 1747 vel
1129 1683 1275 1747 maxima

220 1786 391 1850 “utilitas
424 1785 602 1850 amittitur.
674 1783 759 1864 Quae
794 1784 905 1849 omnia
943 1784 978 1846 in
1012 1805 1088 1848 cusu
1119 1784 1274 1869 praesenti

218 1888 366 1952 “locum
403 1887 525 1951 habere
559 1908 618 1973 per
655 1885 889 1971 subsequentia
922 1885 1097 1950 manifeste
1120 1886 1274 1972 probabo,

216 1998 238 2023 ¹‘
261 1989 414 2075 quamvis
430 1989 499 2054 haec
524 1988 636 2053 omnia
655 2010 698 2052 ex
720 1987 907 2052 abundanti
933 1987 1157 2073 praemiserim,
1173 2010 1274 2073 quum

217 2091 363 2176 “jussio
387 2090 566 2177 superioris
588 2112 655 2154 non
678 2095 813 2154 tantum
843 2089 886 2153 ab
917 2090 1008 2153 omni
1034 2089 1132 2175 culpa
1155 2090 1192 2154 in
1215 2090 1276 2154 hnc

214 2202 237 2227 “
259 2199 354 2279 parts
377 2214 429 2257 me
452 2196 595 2271 excuset,
632 2191 691 2256 sed
714 2192 815 2255 etiam
838 2191 959 2277 agendi
982 2196 1099 2257 contra
1120 2192 1273 2256 abbatem

210 2302 235 2328 “
258 2294 487 2359 necessitatem
502 2295 639 2379 ingerat
701 2292 810 2378 Igitur
835 2293 914 2377 quia
938 2294 1097 2378 scriptum
1120 2294 1273 2379 estquod

211 2404 235 2429 ‘⁴
254 2395 367 2478 justus
389 2396 425 2459 in
448 2394 609 2479 principio
631 2399 801 2459 accusator
821 2399 872 2459 est
895 2394 954 2471 sui,
978 2394 1070 2458 salva
1092 2417 1170 2481 paco
1193 2392 1444 2511 quo-{pmii

209 2505 234 2531 ‘⁴
257 2497 399 2561 rundam
422 2496 563 2560 fratrum
574 2501 761 2560 nostrorum
778 2518 916 2582 quorum
930 2518 1022 2560 mens
1045 2497 1094 2561 ita
1108 2498 1143 2561 in
1158 2496 1273 2562 ordine
1319 2497 1325 2512 '

209 2608 234 2633 ‘⁴
257 2599 401 2663 solidata
423 2603 474 2663 est
506 2599 594 2683 quod
617 2598 710 2664 nullo
736 2604 941 2663 terrenorum
965 2598 1110 2684 impulsu
1136 2598 1178 2662 ab
1204 2599 1274 2684 ejus

208 2710 236 2733 “
260 2700 488 2766 observatione
511 2704 649 2785 possunt
665 2700 818 2785 separari,
840 2701 1043 2765 monasticus
1070 2700 1150 2765 ordo
1179 2701 1276 2787 depe-

209 2811 234 2835 “
258 2802 317 2867 riit
351 2801 418 2866 fere
441 2801 530 2887 apud
561 2823 629 2876 nos,
663 2807 705 2878 et,
741 2807 781 2867 ut
812 2823 928 2866 verum
951 2801 1066 2880 fatear,
1102 2803 1202 2888 (sicut
1234 2824 1276 2867 ex

209 2903 535 2988 “subsequentibus
573 2903 726 2989 patebit),
769 2903 812 2968 ob
858 2902 1022 2968 delectum
1066 2903 1276 2968 administra-

211 3014 236 3040 “
259 3006 362 3070 tionis
382 3005 583 3070 exteriorum
604 3005 806 3070 humanitati
830 3005 1004 3091 fragilitati
1028 3013 1063 3071 et
1086 3005 1274 3070 infirmitati

213 3116 237 3142 ‘⁴
259 3114 383 3172 nostrae
415 3108 678 3172 necessariorum.
724 3106 835 3187 Quum
868 3108 957 3172 enim
995 3108 1164 3172 silentium
1188 3108 1273 3193 quod
1287 3118 1343 3169 The
1353 3119 1408 3169 rule

210 3217 234 3244 “
256 3216 309 3274 est
332 3208 441 3274 cultus
464 3209 630 3295 religionis
653 3209 732 3274 locis
762 3214 797 3273 et
828 3208 918 3273 horis
940 3210 1077 3274 statutis
1100 3209 1274 3274 observare
1285 3186 1417 3302 ζξξίἐῖω

210 3318 235 3346 “
259 3312 460 3387 deberemus,
485 3310 571 3375 same
594 3315 629 3375 et
651 3311 708 3374 siti
744 3310 858 3376 afflicti
889 3334 956 3375 non
979 3316 1113 3376 tantum
1136 3319 1381 3395 conque-servet

213 3420 372 3478 “rentes
406 3412 572 3498 loquimur
615 3419 760 3498 tempore
806 3420 841 3478 et
882 3413 952 3478 loco
984 3413 1118 3491 silentii,
1157 3435 1272 3477 verum

213 3524 234 3550 ‘⁸
259 3516 370 3592 etiam,
408 3515 497 3599 quod
534 3514 651 3579 beatus
691 3514 892 3579 Benedictus
929 3516 1075 3580 maxime
1113 3515 1274 3602 prohibet,
1288 3527 1365 3592 [Reg.

213 3625 235 3653 “
259 3615 479 3681 incessanter¹
520 3616 587 3680 fere
619 3639 871 3681 murmuramus.
931 3617 994 3682 Per
1024 3618 1147 3683 multos
1184 3618 1273 3683 enim
1286 3594 1385 3724 ἓξὲξ

209 3728 234 3753 “
258 3718 338 3797 dies,
362 3740 503 3802 quorum
526 3739 700 3783 numerum
723 3739 791 3782 non
813 3719 1003 3783 memoriter
1026 3725 1131 3796 teneo,
1147 3720 1182 3784 in
1206 3720 1274 3785 solo
1287 3728 1343 3794 Ἀ]
1386 3699 1393 3722 ’

212 3827 344 3906 “pane
378 3825 412 3884 et
442 3842 536 3905 aqua,
571 3820 613 3883 ob
645 3820 810 3884 defectum
844 3820 1089 3906 pulmentorum
1122 3829 1156 3887 et
1194 3843 1274 3906 quo·
1287 3818 1434 3886 Deficieney

213 3930 235 3956 “
257 3921 417 3986 rumlibet
440 3921 580 3986 aliorum
604 3922 752 3986 ciborum
775 3928 810 3988 et
832 3923 1008 3999 cerevisiae,
1040 3925 1146 3987 vitam
1177 3886 1400 4017 duxi-mg

210 4033 332 4087 “mus
361 4024 397 4087 in
427 4024 605 4088 refectorio.
653 4024 752 4088 Panis
775 4029 887 4088 autem
918 4025 975 4109 qui
1021 4046 1082 4089 nos
1120 4025 1275 4110 pascebat
1287 4017 1393 4132 '3¹¹‘ssst

211 4134 237 4158 ‘⁴
259 4148 344 4211 saepc
382 4125 459 4189 talis
501 4130 573 4189 erat
612 4125 653 4189 de
687 4146 753 4210 quo
791 4125 893 4190 etiam
928 4126 1057 4189 minimi
1095 4127 1275 4191 servientes
1287 4097 1365 4199 viter
1375 4086 1444 4201 ζωὴ.

212 4235 240 4259 ‘⁴
262 4227 389 4292 abbatis
427 4226 523 4291 edere
558 4226 762 4303 recusabant,
787 4249 889 4311 quum
925 4227 994 4313 ipse
1030 4232 1064 4290 et
1093 4226 1275 4292 servientes
1288 4215 1346 4265 Μ

213 4335 241 4360 “
262 4330 309 4392 sui
347 4350 432 4414 pane
462 4329 646 4414 peroptimo
670 4334 704 4394 et
741 4328 815 4392 aliis
849 4328 930 4391 cibis
962 4326 1203 4392 delicatissimis
1225 4351 1274 4394 re-

216 4433 244 4461 “
264 4430 441 4496 licerentur.
510 4430 555 4494 Et
588 4452 690 4515 quum
713 4431 833 4516 saepius
856 4428 957 4494 abbas
989 4430 1176 4496 reficeretur
1197 4438 1275 4497 unte

255 4580 377 4589 -..-.-.-
391 4580 708 4588 ——.—-——.
862 4581 1070 4588 ———--—-
1098 4581 1135 4588 -—
1163 4582 1171 4589 ι

519 4670 524 4697 ¹
539 4666 698 4731 incestasset]
713 4667 983 4725 praeamantis,
