3264 5662
445 821 645 873 cssomcos
661 819 879 877 ABBATIAEDE
894 821 1062 870 massan.
1228 807 1267 870 91

219 1013 287 1077 bue
324 1010 511 1089 veniebant,
549 1031 629 1096 ques
667 1030 777 1073 ornnes
815 1009 870 1074 ille
907 1011 960 1074 vir
1000 1010 1172 1075 miseratus
1211 1032 1270 1096 pro
1325 1031 1392 1088 Ab.

219 1137 317 1202 posse
353 1136 412 1180 suo
450 1114 566 1179 alebat.
628 1111 742 1178 Plures
763 1135 904 1198 namque
938 1113 996 1177 diu
1027 1112 1173 1199 absorpti
1211 1114 1270 1178 du·
1285 1102 1437 1156 ¹⁰7⁰·1077·

222 1219 353 1282 rissirna
367 1218 461 1296 farne,
477 1218 557 1282 dum
572 1216 680 1281 cibum
697 1215 828 1279 avidius
851 1220 1018 1279 sumerent
1040 1216 1270 1282 moriebantur.

221 1320 387 1385 Jaocbant
424 1319 535 1384 miseri
578 1318 724 1382 homines
759 1339 816 1403 per
848 1322 953 1381 totam
987 1316 1101 1380 villam
1135 1321 1204 1382 tarn
1236 1319 1273 1383 in

223 1422 376 1487 domibus
399 1444 495 1507 quarn
519 1420 648 1495 deforis,
672 1442 731 1484 neo
762 1440 830 1484 non
862 1425 896 1483 et
930 1419 966 1482 in
999 1420 1184 1484 coemeterio
1207 1420 1272 1485 isto

224 1525 383 1611 languidi,
408 1526 474 1589 hue
507 1529 682 1608 antequam
708 1522 864 1586 venirent
897 1520 983 1585 fame
1016 1523 1211 1607 consumpti,
1237 1528 1272 1588 et

222 1628 343 1693 idcirco
366 1634 405 1692 ut
428 1627 539 1692 eibum
574 1624 717 1710 eorporis
741 1622 932 1689 sentiebant
954 1624 1087 1710 plurimi
1111 1623 1183 1688 vita
1214 1626 1269 1691 de·

225 1729 389 1794 ficiebant.
436 1729 510 1809 Qua
532 1728 572 1792 de
589 1749 623 1791 re
638 1726 728 1791 faeta
750 1732 800 1790 est
822 1747 943 1812 magna
965 1726 1149 1790 mortalitas
1165 1728 1271 1792 multo

221 1838 368 1918 tempore
402 1831 443 1896 de
473 1830 596 1895 talibus
629 1828 826 1906 hominibus,
859 1830 907 1892 ita
940 1834 979 1891 ut
1016 1829 1166 1914 quotidie
1202 1829 1270 1895 fere

223 1934 369 2019 quinque
391 1932 444 1997 vel
468 1954 526 1997 sex
549 1930 707 2009 homines·
730 1930 907 2014 aliquando
930 1930 1048 2017 plures,
1078 1931 1271 1996 miserabili-

225 2045 279 2101 ter
301 2035 476 2100 morientes
509 2056 530 2098 a
560 2033 666 2120 priore
701 2032 800 2116 hujus
832 2032 892 2097 loci
928 2032 1178 2119 sepeliebantur.
1224 2034 1273 2099 Et

224 2139 380 2225 ‹proniam
404 2136 535 2223 plurimi
551 2134 679 2221 pueruli
694 2135 782 2198 inter
797 2157 852 2199 eos
867 2135 1082 2211 habebantur,
1098 2137 1274 2222 unicuique

224 2242 380 2307 servienti
403 2239 456 2304 vel
487 2240 640 2302 ministro
663 2237 760 2321 hrrjm
783 2237 933 2314 ecclesiae,
964 2259 1023 2302 nec
1053 2259 1120 2301 non
1147 2246 1181 2303 et
1204 2242 1275 2324 qui·

224 2344 363 2409 busdam
386 2342 542 2406 fratribus
558 2341 599 2404 ad
623 2341 682 2403 hoc
698 2361 790 2424 posse
807 2339 1015 2418 habentibus,
1032 2362 1136 2403 unum
1154 2363 1273 2426 pueru-

225 2448 294 2511 lum
310 2445 463 2509 dominus
478 2443 579 2507 abbas
602 2447 641 2507 ut
663 2442 820 2506 alimento
844 2442 987 2526 eorporis
1009 2447 1275 2508 sustentarentur

224 2547 481 2614 commendabat.
543 2545 690 2624 Quorum
730 2543 878 2608 nonnulli
927 2544 1022 2628 probi
1059 2544 1122 2607 viri
1161 2550 1275 2630 postea

224 2651 341 2725 effecti,
373 2651 407 2713 in
430 2647 546 2712 multis
579 2645 691 2711 officiis
721 2646 880 2709 fratribus
915 2646 1049 2711 honeste
1079 2647 1274 2712 serviebant.

225 2754 309 2817 Erat
334 2752 454 2837 quippe
488 2756 570 2814 tune
602 2749 760 2834 temporis
782 2749 915 2833 quidam
939 2748 1027 2833 prior
1051 2748 1111 2825 hic,
1139 2749 1273 2833 juvenis
1287 2770 1361 2821 Prior

226 2855 362 2941 quidem
396 2874 528 2938 corpore
566 2851 622 2916 sed
657 2856 767 2915 tamen
791 2872 918 2914 morum
950 2852 1117 2936 probitate
1140 2857 1273 2917 aetatem
1288 2839 1378 2888 alfric.

224 2957 398 3032 transiens
423 2955 567 3018 Alfricus
597 2955 738 3027 nomine,
762 2954 819 3038 qui
843 2954 920 3018 fecit
954 2954 1108 3018 ‹lorsellos
1131 2955 1274 3041 capituli.

226 3060 328 3123 Hunc
350 3058 452 3123 abbas
474 3057 657 3133 constituit,
685 3062 724 3119 ut
748 3078 858 3120 onmes
890 3058 1158 3142 supervenientes
1185 3081 1276 3143 pere-

224 3164 335 3249 grinos
356 3166 392 3226 et
415 3181 570 3246 pauperes
604 3158 722 3222 devote
755 3160 940 3245 susciperet,
964 3164 1063 3243 atque
1098 3162 1276 3224 necessaria

224 3266 307 3328 vitre
333 3263 469 3327 sollicite
500 3261 745 3324 mlrrrirristraret
776 3260 830 3325 eis.
893 3261 1051 3346 Praecepit
1074 3264 1172 3325 etiam
1196 3262 1274 3326 eele-

227 3368 312 3430 rario
333 3369 368 3429 et
400 3363 553 3427 omnibus
585 3364 769 3448 praepositis
807 3362 950 3426 abbatiae
986 3363 1084 3446 hujus
1117 3371 1156 3428 ut
1179 3365 1208 3428 ei
1242 3367 1274 3429 in

227 3467 380 3533 oumibus
418 3467 596 3540 obedirent,
635 3472 668 3529 et
701 3465 857 3549 quicquid
895 3465 937 3528 ad
977 3488 1058 3550 apris
1099 3488 1274 3552 egenorum

228 3571 453 3639 erinstituerat,
485 3569 647 3643 videlicet,
679 3589 809 3631 omnem
845 3567 1093 3633 decimationem
1126 3592 1218 3633 suam
1242 3579 1276 3635 et

230 3675 360 3759 insuper
392 3670 552 3756 quiequid
586 3670 803 3734 necessarium
847 3669 982 3734 haberet
1015 3672 1084 3735 sine
1119 3672 1276 3737 dilatione

228 3774 437 3838 abundanter
474 3774 502 3836 ei
542 3771 724 3836 redderent.
774 3771 933 3836 Sciebant
971 3773 1035 3837 illis
1074 3775 1276 3860 temporibus

229 3878 322 3942 midti
347 3875 509 3963 peregrini
526 3874 566 3938 de
582 3875 796 3958 Aquitaniam,
821 3875 860 3938 de
885 3874 1055 3951 Hibernia,
1079 3898 1117 3940 ae
1140 3877 1181 3941 de
1203 3878 1277 3940 aliis

229 3981 322 4045 terris
345 3978 497 4064 plurimis
520 3976 583 4041 hue
606 3977 727 4051 venire,
751 3998 831 4061 quos
867 3999 978 4040 ornnes
1002 3978 1064 4042 iste
1096 3981 1275 4064 suscipiens

229 4082 408 4146 nescesmria
429 4079 605 4165 praebebat.
653 4078 698 4142 Et
721 4080 875 4164 (plenium
901 4086 993 4164 pater·
1016 4080 1215 4145 Benedictus
1239 4084 1273 4147 in
1289 4100 1466 4165 [lieesseasl.

231 4184 355 4266 remila
372 4183 479 4265 jubet,
495 4187 534 4246 ut
550 4190 687 4246 “mensa
709 4182 839 4244 ablatis
862 4204 934 4244 eum
958 4185 1136 4268 peregrinis
1151 4192 1185 4248 et
1202 4187 1273 4250 bos·
1287 4184 1338 4232 ⁰³¹³·
1353 4168 1408 4234 lvi]

229 4285 383 4373 pitibus'’
416 4286 484 4358 fiat,
508 4306 634 4369 semper
656 4284 696 4346 de
720 4306 829 4347 rnensu
852 4306 981 4369 quoque
1005 4308 1063 4348 sua
1086 4287 1152 4370 ipse
1175 4289 1275 4354 abbas
1287 4296 1410 4347 'Pherus-

230 4389 375 4474 quutidie
400 4387 553 4450 tredecim
589 4410 744 4472 pauperes
769 4388 902 4469 largiter
936 4390 1124 4463 relieiebat;
1156 4371 1384 4477 prutermmw

1289 4433 1338 4478 aad
1350 4433 1431 4479 niuni-

232 4494 316 4563 istos‚
332 4492 374 4553 ad
393 4490 589 4553 tlaralatmn
613 4490 780 4554 duodecim
807 4513 965 4576 parrperes
987 4493 1056 4556 sive
1079 4501 1164 4558 esset
1188 4495 1274 4560 (linui
1288 4498 1445 4547 ficentalms-

231 4616 286 4658 seu
314 4594 392 4656 feris
416 4593 598 4679 specialiter·
622 4616 723 4678 usque
748 4593 789 4656 ad
815 4595 902 4657 diem
926 4595 1035 4658 obitus
1056 4595 1107 4659 sui
1123 4597 1273 4675 habebat,
1289 4565 1404 4679 mm

232 4699 285 4782 qui
314 4699 439 4761 victum
464 4702 498 4760 ct
524 4697 682 4760 vestitum
716 4699 748 4759 in
774 4698 927 4761 omnibus
950 4699 1052 4762 veluti
1087 4723 1173 4764 uuus
1208 4725 1274 4765 me-
1290 4697 1406 4763 Agelwy.

234 4800 355 4865 nesolius
397 4821 521 4886 semper
553 4799 726 4865 habebant.
790 4801 938 4879 Quorum
970 4801 1067 4887 ledes
1097 4807 1131 4867 et
1159 4827 1275 4867 siranus
