3270 5656
359 813 561 862 ennonreor
584 812 743 861 nussum
766 814 813 861 nn
835 811 1004 863 uvnsrrmr.
1138 794 1202 866 247

198 1004 365 1076 statueret,
392 1022 494 1086 usque
518 1003 554 1064 in
580 998 776 1063 hodiernum
799 999 885 1063 diem
908 1000 1000 1086 pejus
1023 1020 1122 1085 quom
1144 1015 1283 1066 un·n.1).
1299 1022 1369 1067 rum.

163 1112 177 1136 ·‘
200 1125 299 1189 quam
323 1104 413 1189 prius
435 1103 596 1189 oppressit
617 1124 678 1167 nos
701 1102 811 1179 obbas,
836 1102 946 1168 dicens
962 1103 1051 1186 quod
1072 1108 1205 1188 propter

162 1224 176 1237 ··
200 1206 437 1291 querimoniam
463 1212 610 1271 nostram
650 1205 845 1291 expenderit
870 1204 907 1269 in
937 1206 1069 1269 domino
1098 1206 1206 1291 legato

164 1318 180 1341 ·‘
202 1313 364 1373 trecentus
387 1331 521 1388 mareas,
546 1330 626 1393 quus
657 1330 768 1372 omnes
800 1308 887 1372 dicet
913 1329 947 1372 se
973 1308 1058 1373 velle
1087 1308 1206 1373 habere

164 1431 178 1442 ··
202 1410 358 1475 debonis
388 1412 463 1476 usui
495 1417 608 1475 nostro
642 1411 840 1496 assignatis;
875 1415 910 1475 et
944 1410 1093 1495 quumvis
1126 1414 1207 1475 tune

164 1522 180 1545 ‘·
203 1513 265 1575 sibi
288 1515 428 1589 timeret,
451 1513 667 1578 nihilominus
691 1534 794 1597 nsque
826 1534 914 1576 nune
937 1513 1044 1577 faetus
1070 1516 1120 1577 est
1150 1533 1207 1576 no-

167 1634 180 1647 ··
205 1616 356 1679 vissimus
379 1638 467 1680 error·
493 1616 563 1699 ejus
578 1615 669 1702 pejor
685 1616 798 1701 priore.
846 1615 956 1694 Quum
979 1617 1099 1700 itaque,
1114 1620 1208 1700 puter

164 1738 179 1749 ··
202 1723 321 1792 sancte,
345 1730 437 1782 metu
460 1719 690 1804 praedietnrum
715 1717 988 1802 querimoniarum
1021 1722 1208 1781 nostrarum

168 1834 182 1852 ⁸·
205 1826 237 1883 et
253 1820 502 1906 inquisitionum
527 1843 624 1906 super
646 1821 697 1884 his
715 1820 877 1885 saetarum
900 1820 1001 1885 abbas
1016 1825 1127 1884 noster
1149 1842 1208 1883 sm-

168 1930 184 1955 “
207 1922 279 2007 pins
306 1931 377 1986 tum
399 1944 506 1987 eorum
530 1922 696 2009 praedietis
719 1923 843 2007 legatis,
866 1927 939 1986 tum
962 1943 1070 1987 eoram
1092 1921 1209 1986 vicinis

169 2046 182 2057 ··
206 2025 388 2101 abbatibus,
416 2030 485 2089 tam
512 2026 788 2111 perscripturum
819 2047 917 2109 quum
942 2025 1140 2109 jurument0,
1172 2028 1210 2087 ut

170 2148 184 2159 ··
206 2127 354 2207 audistis
387 2128 587 2213 interposito,
624 2150 657 2191 se
690 2128 801 2191 omnio
833 2127 991 2212 praedietu
1021 2128 1056 2191 in
1086 2131 1210 2191 statum

171 2252 184 2261 ··
207 2230 354 2296 debitum
373 2230 624 2295 reformaturum
648 2235 682 2294 et
705 2236 780 2315 post
803 2228 1066 2294 reformationem
1087 2233 1211 2294 statum

171 2354 184 2363 ··
208 2332 330 2397 bonum
353 2337 619 2397 conservatmum
636 2332 830 2418 promiserit,
855 2354 915 2396 nee
930 2332 1040 2415 aliquo
1061 2331 1114 2395 vel
1130 2330 1211 2394 vitre

173 2456 186 2466 ··
209 2458 275 2500 suae
307 2436 359 2500 vel
396 2440 502 2499 status
535 2434 639 2499 nostri
673 2433 848 2498 subsecuto
878 2433 923 2498 sit
956 2434 1123 2509 eorrectio,
1156 2431 1214 2495 sed

173 2560 185 2569 ··
209 2539 317 2623 potius
339 2538 380 2601 de
403 2538 455 2602 die
478 2538 514 2600 in
538 2538 625 2600 diem
648 2536 867 2614 deterioratio,
898 2540 937 2599 ut
966 2535 1075 2599 verbis
1102 2534 1215 2598 Abner

173 2646 296 2718 ⁶·11tsr,
329 2642 406 2724 quio
431 2640 631 2727 ‘periculosa
655 2644 704 2703 est
727 2637 930 2725 desperutio‚’
960 2638 1098 2703 seientes
1128 2636 1244 2723 quod}
1256 2640 1321 2731 sam.

175 2752 190 2774 ·‘
213 2743 403 2807 induratum
438 2748 487 2806 est
519 2764 573 2806 eor
607 2741 736 2805 olibetis
770 2742 873 2805 nostri
909 2746 943 2806 et·
976 2740 1063 2826 quod
1094 2710 1306 2805 avertit¹¹'²⁰'

177 2852 191 2877 ‘³
214 2845 322 2910 oeulos
343 2867 417 2909 suos
440 2867 481 2909 ne
505 2844 617 2910 videet
638 2844 764 2914 eoelum,
779 2844 805 2907 si
827 2866 886 2908 vos
909 2865 946 2908 eo
970 2843 1083 2908 relicto
1097 2842 1217 2907 obbute
1228 2855 1381 2906 Hindanu.

176 2970 191 2981 ··
216 2949 417 3027 recesseritis
442 2952 604 3034 quotquot
631 2969 697 3011 nen
726 2946 878 3011 obstante
903 2946 1045 3032 eorporis
1075 2944 1219 3011 imbecil-

175 3074 188 3083 ··
213 3051 306 3116 litate
339 3053 453 3137 pedem
485 3072 616 3115 morere
647 3071 827 3135 possumus,
860 3048 1003 3134 exeeptis
1030 3049 1135 3112 tribus
1166 3048 1217 3112 vel
1229 3063 1296 3111 Ishe
1308 3062 1329 3110 is
1340 3070 1384 3111 not

178 3174 193 3187 ··
217 3158 358 3239 (pratum
374 3152 582 3238 eorrrptieilms
600 3151 739 3229 obbatis,
763 3152 968 3236 projicientes
990 3150 1124 3214 habitus
1146 3130 1340 3257 nos-32³3?

178 3280 192 3291 ··
216 3265 282 3321 tros
309 3257 350 3320 ad
375 3257 472 3342 pedes
496 3262 629 3334 vestros,
654 3254 822 3317 vobiseum
839 3253 1029 3331 recedemus,
1047 3253 1220 3316 redeuntes
1230 3262 1315 3324 nearly
1328 3260 1361 3309 all

179 3380 193 3391 ··
216 3360 257 3422 nd
293 3359 445 3429 secutum,
485 3363 524 3420 ut
562 3357 596 3420 in
636 3356 688 3419 die
722 3355 841 3439 judicii
880 3355 998 3418 unione.
1040 3362 1162 3419 nostre
1200 3327 1374 3442 nssfffilnff

180 3483 195 3495 ··
218 3462 368 3525 manibus
392 3461 510 3523 vestris
534 3455 772 3543 requiruntur.'’
826 3456 871 3520 Et
900 3477 1001 3542 quum
1027 3455 1097 3521 hine
1120 3455 1329 3537 dixis-noque
1360 3526 1366 3537 ,

178 3586 242 3628 seur
271 3562 404 3627 secessi¹
429 3563 471 3625 ud
493 3562 598 3624 loreum
633 3582 748 3624 meum.
797 3559 957 3622 Dominus
987 3579 1064 3623 vero
1094 3527 1386 3645 legatusthewbn'

179 3689 352 3731 conversus
384 3663 425 3727 od
464 3664 616 3728 abbatem
648 3668 803 3738 nostrum,
836 3661 923 3726 dixit
954 3661 991 3737 ei,
1025 3661 1145 3741 “Quid
1175 3683 1223 3726 re·

191 3769 358 3855 ·spon‹les
392 3768 452 3830 titi
487 3766 622 3851 objectis
635 3764 665 3828 ?’'
717 3764 761 3829 Et
792 3764 944 3829 dominus
974 3764 1083 3841 abbas,
1115 3764 1223 3828 “Jam

183 3894 196 3903 ¹·
221 3870 346 3957 pridem
370 3869 520 3955 pluribus
544 3867 652 3931 extis
671 3867 920 3954 respondimus
936 3888 1014 3931 vero
1036 3866 1223 3953 respondeo,

183 3998 197 4005 ··
221 3974 296 4057 quia
322 3972 402 4035 falso
425 3976 504 4033 sunt
528 3992 600 4054 quie
629 3968 707 4032 mihi
733 3969 872 4054 olqieitf’
929 3968 1090 4031 Dominus
1114 3973 1224 4031 autem

182 4076 307 4161 legatus
330 4075 489 4137 attor-utus
512 4074 636 4159 pariter
658 4071 809 4135 abietem
834 4074 868 4133 et
892 4074 1098 4144 conventum,
1130 4069 1224 4143 dixit,

182 4188 200 4210 ·‘
224 4177 351 4241 Mittite
382 4199 498 4239 numus
530 4180 656 4237 vestras
687 4175 727 4237 ad
761 4177 892 4258 pectora
919 4173 1037 4245 vestra,
1070 4176 1104 4234 et
1127 4170 1226 4234 dieite

185 4300 200 4312 ··
226 4281 260 4342 in
284 4279 392 4342 i'erbo
417 4278 548 4341 'Domini
575 4277 661 4361 quod
685 4275 816 4339 stabitis
835 4272 960 4357 judicio
990 4277 1102 4336 nostro
1133 4294 1228 4357 super

187 4406 200 4415 ··
225 4382 359 4466 objeetis
391 4388 424 4444 et
459 4378 650 4465 responsis.”
710 4380 781 4457 Quo
815 4377 901 4439 theto
936 4376 1230 4438 excommunicavit

186 4507 297 4547 omms
321 4485 377 4568 qui
402 4483 517 4546 tirtsum
542 4483 686 4545 direrent
710 4481 759 4542 vet
785 4499 899 4541 rerum
923 4476 1097 4541 reticerent
1120 4478 1160 4540 de
1179 4476 1230 4539 his

564 4730 569 4756 ¹
588 4729 689 4790 ,errarit
709 4726 808 4785 eeuessi,
821 4725 875 4775 MS.
