3270 5656
291 786 335 848 ⁴28
507 800 707 848 caaomcox
722 797 877 849 annana
893 800 939 848 nr.
955 799 1122 849 crassari.

292 980 355 1043 tur.
379 974 470 1040 salvo
492 997 550 1061 per
572 975 682 1039 omnia
704 974 848 1041 liistmiso
871 981 994 1053 tenore,
1011 975 1046 1039 iu
1069 980 1201 1039 tantum
1224 973 1338 1039 abbre-

292 1076 416 1142 viarem
447 1081 485 1141 ut
515 1077 675 1143 fastidiosi
707 1078 873 1144 auditores
896 1078 994 1143 toedio
1023 1100 1090 1143 non
1122 1076 1336 1149 afficerentur.

293 1180 340 1243 ita
363 1178 516 1244 videlicet
537 1180 651 1245 stilum
678 1187 871 1267 temperans,
897 1180 985 1266 quod
1010 1186 1149 1266 utraque
1173 1201 1233 1266 pro
1255 1186 1338 1245 tcm-

292 1303 407 1367 porum
435 1282 596 1367 qualitate
623 1283 848 1348 natalitiorum
877 1283 1050 1348 eorundem
1078 1284 1111 1346 in
1134 1281 1255 1347 eisdem
1278 1282 1338 1347 fos·

291 1385 482 1449 tivitatibus
509 1384 551 1449 ad
575 1385 745 1471 legendam
769 1386 803 1450 iu
827 1386 997 1450 nocturnis
1020 1384 1145 1471 vigiliis
1167 1383 1337 1450 sufficeret

293 1486 397 1573 Magis
435 1489 547 1574 itaque
585 1488 625 1553 ‹lc
659 1511 770 1553 serrum
805 1512 895 1553 sacra
929 1489 1012 1554 circs
1043 1488 1172 1553 eisdem
1207 1494 1337 1553 muetos

291 1589 466 1655 ‹levotionc
506 1612 604 1676 quam
636 1591 676 1655 ‹le
713 1614 786 1655 msa
823 1592 965 1656 confisus
1007 1591 1203 1677 eloquentia,
1238 1591 1338 1655 immo

291 1715 420 1757 onmem
443 1714 531 1779 sptem
556 1715 679 1779 ponens
703 1695 737 1757 in
759 1695 808 1758 Eo
825 1694 889 1774 Qui
907 1695 1037 1781 linguas
1060 1694 1238 1759 infantium
1260 1691 1338 1759 lacit

291 1795 436 1863 ‹lisertas
461 1796 599 1860 fratrum
623 1795 787 1861 voluntati
811 1798 903 1861 velut
925 1801 1086 1883 praeopto
1106 1795 1337 1882 obtemperavi,

291 1906 325 1961 et
351 1906 527 1983 utrumque
561 1920 650 1984 opus,
679 1920 745 1963 non
776 1906 874 1984 prout
903 1900 993 1965 volui
1025 1898 1081 1962 sed
1111 1904 1209 1985 prout
1235 1898 1337 1985 potui,

292 2000 361 2064 Deo
384 2001 563 2084 adjuvante
591 2002 758 2087 complevi.
805 2002 887 2081 Qum
903 2024 1005 2087 quum
1036 2001 1169 2066 domino
1192 2000 1337 2067 Cantus·

292 2104 387 2167 riensi
413 2103 602 2189 corrigenda
626 2103 782 2187 legissem,
807 2110 841 2168 et
865 2105 931 2189 ipsc
954 2126 993 2168 ea
1015 2103 1226 2190 approbando
1252 2126 1338 2169 crim·

291 2206 484 2279 mendasset,
500 2213 534 2270 et
550 2228 650 2292 quum
668 2207 780 2271 eadem
805 2205 962 2271 fratribus
985 2206 1192 2292 placuissent,
1216 2207 1337 2271 iterum

290 2309 400 2373 crebro
427 2310 641 2395 pulsaverunt
666 2332 715 2373 me
739 2309 888 2395 precibus
911 2310 977 2372 suis
1000 2318 1039 2374 ut
1062 2310 1094 2371 iu
1121 2308 1337 2375 translatione

290 2412 433 2496 ejusdem
457 2414 584 2499 patroni
609 2413 712 2477 nostri
737 2411 822 2477 beati
849 2412 994 2497 Ecgwiui
1026 2417 1130 2477 tantae
1161 2412 1335 2477 festivitati

290 2526 518 2603 congruentem
544 2519 577 2579 et
600 2515 770 2601 specialem
796 2515 964 2599 legendam
987 2513 1029 2578 ad
1052 2522 1231 2579 nocturnas
1254 2515 1338 2603 vigi·

291 2617 357 2693 lias,
382 2641 455 2702 quar
480 2619 587 2681 miuus
611 2617 698 2703 apud
729 2639 788 2681 nos
820 2617 928 2681 adhuc
956 2617 1146 2695 habebatur,
1178 2618 1226 2681 cis
1252 2638 1336 2683 conr·

290 2741 447 2805 ponerem.
485 2720 553 2805 Ego
577 2742 660 2794 veru,
686 2721 837 2804 quaruvis
860 2720 1051 2805 petitionem
1077 2720 1206 2783 illorum
1231 2718 1335 2786 veluti

290 2823 415 2886 ratione
431 2823 590 2887 nitentem
617 2823 830 2905 intelligerem
854 2822 1103 2900 exaudiendam,
1119 2844 1220 2907 quma
1237 2824 1335 2889 etiam

289 2946 373 3010 sarpa
400 2925 570 3010 puduisset
596 2946 647 2988 me
675 2924 763 3009 quod
789 2927 822 2987 iu
850 2930 945 2988 tanta
969 2926 1149 2990 festivitate
1173 2926 1214 2989 «lc
1240 2932 1336 2991 tanto

289 3034 427 3112 patrono
459 3027 539 3090 nihil
564 3027 701 3112 speciale
727 3027 768 3091 sd
800 3034 976 3092 nocturnas
1004 3027 1133 3113 vigilias
1156 3027 1336 3114 legebatur.

289 3138 397 3194 tamea
423 3130 537 3194 ridens
563 3138 693 3194 tantum
719 3152 799 3216 opus
829 3153 928 3217 supra
952 3152 1002 3195 mc
1032 3153 1109 3201 csse,
1137 3131 1194 3195 diu
1221 3131 1336 3197 distuli

288 3233 431 3318 praebere
455 3235 501 3297 eis
523 3254 697 3298 assensum.
731 3233 775 3297 Et
792 3233 852 3297 hoc
876 3234 947 3298 iiloo
971 3235 1112 3297 maxime
1135 3235 1211 3319 quia
1233 3256 1335 3321 quum

290 3336 442 3400 miracula
474 3342 658 3400 sarretorum
684 3336 716 3400 iu
741 3357 850 3399 eorum
876 3336 1144 3400 translationibus
1176 3338 1238 3421 legi
1261 3359 1337 3403 con·

288 3440 462 3517 sueveriut,
499 3440 654 3524 putabam
691 3440 725 3502 in
765 3438 902 3525 legenda
941 3439 1023 3502 iufra
1062 3440 1194 3503 ‹ictsrlias
1225 3442 1336 3506 omnia

287 3563 361 3625 qua·
388 3541 428 3603 «le
452 3540 564 3605 codam
589 3544 731 3627 patronii
759 3554 870 3605 nostru
893 3543 1013 3627 scripta
1037 3558 1139 3620 eraut,
1165 3566 1233 3607 (msc
1261 3566 1336 3609 ttin-

287 3652 449 3706 summata
482 3649 514 3706 et
538 3665 686 3728 experiar.
750 3644 921 3708 Fratribus
953 3656 1063 3708 tauron
1097 3646 1130 3708 in
1162 3645 1335 3713 roluubite

287 3768 342 3808 sua
368 3745 659 3831 perseverantibus,
693 3768 777 3832 sape
800 3755 834 3810 et
862 3747 1002 3810 multum
1035 3769 1159 3811 ruscum
1191 3750 1335 3831 com'tare

287 3849 381 3935 capi,
405 3849 518 3913 rolens
540 3871 649 3913 eorum
667 3849 831 3914 voluntati
857 3850 1050 3927 satisfacere,
1067 3851 1154 3914 umle
1177 3854 1335 3917 semiramis

287 3974 443 4016 sumerem
470 3953 638 4016 materiam
662 3959 696 4016 et
719 3953 898 4031 exordium,
916 3952 1083 4038 postulans
1106 3955 1148 4016 ab
1174 3954 1220 4017 Eo
1240 3957 1336 4020 auxi·

287 4055 365 4117 lium
391 4051 492 4139 Cujus
517 4054 659 4141 Spiritus
683 4055 738 4118 ubi
765 4056 838 4118 vult
862 4057 971 4141 spirat.
999 4064 1032 4119 ct
1060 4053 1123 4135 Qui
1148 4055 1205 4121 dat
1229 4059 1334 4123 omoi-

287 4157 346 4220 bus
384 4156 555 4222 affluenter
592 4165 626 4222 et
665 4179 731 4223 uon
767 4156 972 4244 improperat.
1039 4157 1174 4223 Interim
1220 4173 1332 4227 autem

288 4260 403 4323 librum
443 4261 498 4346 qui
535 4260 575 4324 ‹le
602 4261 745 4344 ejusdem
776 4260 865 4323 beuti
903 4261 964 4324 riri
999 4261 1161 4325 miraculis
1192 4264 1334 4350 scriptus

286 4374 336 4426 est
360 4364 467 4443 legens
499 4370 532 4427 et
562 4363 716 4450 relegens,
751 4362 882 4426 taudem
920 4365 984 4427 «luo
1016 4372 1144 4429 lautum
1177 4366 1334 4431 mimcula

289 4465 396 4528 inveni
422 4488 495 4551 qua·
521 4465 552 4530 in
578 4466 713 4551 legemla
739 4466 821 4528 iufra
845 4466 976 4529 oetalas
1001 4468 1107 4553 posita
1137 4489 1201 4531 nou
1229 4480 1333 4535 ruint.

287 4568 413 4646 Quibus
456 4569 545 4632 lei-tis
585 4584 617 4632 et
653 4569 877 4655 perspicaciter
917 4570 1099 4639 intellectis,
1143 4571 1254 4635 inveni
1293 4594 1333 4637 eu

287 4672 428 4736 maxime
451 4672 616 4758 proposito
647 4694 698 4737 me
728 4673 958 4737 convenientia
981 4680 1016 4737 et
1043 4672 1132 4759 operi
1157 4673 1332 4759 praelibato
