3270 5656
488 820 689 870 (naoulcon'
713 821 867 872 anama:
891 823 937 872 DE
964 822 1133 872 EVESHAM.

287 1006 408 1072 damna
434 1029 542 1073 rerum
569 1009 796 1095 temporalium
819 1011 958 1096 simplici
982 1011 1090 1074 animo
1113 1010 1271 1076 tolerare:
1298 1017 1339 1074 ut
1349 1029 1418 1079 A.1).
1433 1033 1497 1080 710-

287 1110 328 1176 de
355 1133 393 1175 eo
420 1112 577 1176 veraciter
608 1117 718 1198 posset
744 1113 809 1177 dici
837 1113 924 1197 quod
951 1118 1049 1178 antea
1083 1113 1206 1178 dictum
1230 1111 1337 1177 fuerat
1351 1100 1405 1146 ⁷¹⁷·

288 1215 322 1279 iu
357 1213 533 1300 prophetis,
569 1213 635 1294 Qui
669 1220 748 1279 sunt
771 1214 828 1280 isti
856 1217 912 1300 qui
947 1221 986 1279 ut
1020 1216 1122 1280 nubes
1156 1214 1279 1295 volant,
1303 1221 1337 1279 et
1350 1231 1433 1281 Isaiah
1446 1232 1480 1284 lx.

288 1317 381 1401 quasi
397 1315 556 1382 columba
580 1317 622 1381 ad
639 1317 796 1382 fenestras
812 1322 909 1382 suasi
955 1317 1001 1380 Et
1023 1318 1108 1382 sicut
1135 1317 1216 1382 dicit
1231 1317 1336 1403 Apos-
1351 1304 1372 1348 ⁸·

287 1419 384 1497 tolus,
409 1417 531 1484 Nostra
554 1426 664 1484 autern
697 1420 899 1485 conversatio
926 1420 961 1483 in
988 1420 1079 1485 coelis
1111 1427 1168 1497 est,
1195 1419 1243 1483 ita
1274 1419 1335 1482 iste
1349 1425 1457 1492 Philipp.
1467 1429 1503 1479 iii.

288 1528 420 1587 anctus
444 1524 697 1587 conversabatur
721 1523 757 1586 iu
790 1523 885 1587 terris
920 1528 959 1586 ut
980 1522 1110 1586 animus
1136 1529 1170 1586 et
1193 1521 1335 1585 intentio
1350 1499 1389 1544 ²⁰·

288 1624 357 1709 ejus
381 1645 508 1711 semper
530 1633 614 1690 esset
644 1626 679 1688 in
713 1625 811 1690 coelis.
858 1624 963 1690 Sacrae
987 1625 1162 1689 insistebat
1184 1623 1335 1700 lectioni;

289 1727 410 1792 debitis
444 1728 628 1813 castigabat
660 1749 774 1814 corpus
800 1727 910 1791 inedia
934 1736 968 1792 et
999 1727 1128 1812 vigiliis.
1188 1724 1335 1790 Humilis

289 1834 359 1893 erat
381 1829 417 1894 in
452 1829 578 1907 habitu,
610 1831 646 1893 in
669 1851 815 1895 sermone
842 1830 1015 1913 jocundus,
1043 1831 1079 1894 in
1105 1828 1335 1915 praedicatione

288 1930 437 2010 devotus,
455 1932 491 1996 in
507 1933 652 1997 moribus
678 1927 883 2008 venerabilis,
901 1933 936 1996 in
964 1932 1166 1997 emtionibus
1189 1930 1336 2017 pervigil,

289 2032 323 2096 in
347 2033 485 2098 lectione
511 2034 670 2114 assiduus,
686 2034 722 2099 in
749 2034 848 2099 cultu
872 2035 1045 2121 angelicus
1061 2036 1096 2099 in
1120 2035 1239 2099 affectu
1253 2034 1335 2118 pius,

290 2137 323 2200 in
350 2136 534 2200 virtutibus
558 2136 768 2216 admirabilis,
793 2138 829 2200 in
852 2137 1000 2202 bonitate
1027 2137 1184 2216 amabilis,
1209 2137 1244 2200 in
1269 2137 1336 2221 pie·

290 2244 357 2303 tate
372 2237 557 2316 laudabilis,
575 2238 689 2304 multis
713 2239 812 2303 etiam
828 2238 956 2324 fulgens
973 2238 1142 2303 miraculis.
1182 2237 1277 2316 Nam,
1297 2246 1336 2302 ut

289 2346 406 2404 caetera
432 2339 633 2420 omittamus,
667 2342 753 2405 inter
784 2340 967 2425 lachrymas
1003 2346 1037 2405 et
1072 2340 1237 2426 singultus
1264 2362 1337 2425 quae

290 2447 384 2507 nocte
410 2464 447 2506 ac
480 2442 535 2506 dic
561 2442 784 2508 indesinenter
817 2443 1036 2528 omnipotenti
1064 2443 1134 2507 Deo
1167 2442 1335 2521 fundebat,

290 2567 374 2632 saepe
398 2545 587 2631 angelorum
604 2545 848 2610 visitationibus
872 2544 1125 2624 demulcebatur,
1143 2552 1176 2610 et
1199 2545 1336 2610 aliorum

289 2655 473 2713 sanctorum
509 2649 566 2733 qni
601 2649 642 2712 de
679 2648 739 2712 hoc
773 2648 892 2713 saeculo
932 2653 1137 2712 excesserant
1173 2649 1336 2714 continuis

290 2751 563 2816 consolationibus
588 2750 801 2815 refovebatur.
842 2751 977 2815 Beatam
1002 2772 1079 2814 vero
1104 2750 1166 2815 Dei
1192 2750 1337 2816 Genitri-

290 2875 356 2917 cem
384 2853 523 2918 Mariam
555 2853 603 2917 ita
635 2859 705 2918 toto
737 2853 854 2917 affectu
880 2857 914 2916 ct
941 2853 1067 2939 spiritu,
1091 2857 1163 2918 toto
1187 2855 1280 2918 corde
1304 2863 1338 2919 et

290 2977 397 3020 amore
435 2955 702 3042 amplectebatur,
737 2961 777 3018 ut
814 2976 985 3040 nunquam
1022 2979 1041 3019 a
1078 2956 1235 3020 memoria
1269 2956 1337 3041 ejus

291 3059 460 3136 excideret,
497 3079 666 3142 nunquam
704 3059 737 3121 in
771 3058 880 3121 verbis
916 3058 1019 3143 ipsius
1054 3058 1180 3122 deesset
1192 3083 1200 3137 3
1246 3059 1338 3143 cujus

290 3161 473 3225 visitatione
499 3167 534 3223 et
561 3160 777 3224 consolatione
801 3182 913 3224 servus
941 3160 1005 3224 Dei
1029 3169 1197 3238 recreatus,
1230 3162 1338 3225 omnia

291 3285 362 3347 quae
392 3262 510 3326 mundi
534 3269 626 3326 enmt
654 3262 835 3340 omittebat,
861 3267 894 3326 et
918 3283 990 3346 quae
1014 3262 1077 3325 Dei
1102 3269 1196 3327 erant
1218 3263 1336 3327 indesi-

292 3373 405 3429 nenter
420 3365 598 3428 exercebat.
634 3364 760 3428 Miseria
776 3363 978 3441 condolebat,
995 3386 1151 3450 pauperes
1163 3365 1337 3440 recreabat,

292 3468 466 3532 esurientes
492 3468 651 3552 pascebat,
680 3467 829 3531 sitientes
863 3466 1007 3552 potabat,
1040 3468 1145 3531 nudos
1169 3467 1337 3543 vestiebat,

293 3569 434 3633 infirmos
458 3570 623 3647 visitabat,
650 3576 794 3633 mortuos
827 3568 1011 3654 sepeliebat,
1042 3570 1195 3657 orphanis
1222 3578 1255 3635 et
1288 3571 1338 3633 vi-

293 3671 372 3748 duis,
399 3673 579 3736 secundum
607 3672 811 3758 Apostolum,
839 3671 982 3736 solamen
1022 3672 1208 3754 exhibebat,
1238 3681 1272 3738 et
1295 3674 1336 3737 ab
1351 3679 1375 3728 5
1389 3679 1474 3730 James
1486 3681 1502 3731 i.

293 3773 349 3838 boc
376 3775 493 3840 saeculo
520 3775 762 3840 immaculatum
789 3797 822 3838 se
845 3775 1056 3841 custodiebat
1354 3769 1372 3796 ⁴'

706 4084 831 4149 baculo
856 4084 915 4149 XI.

335 4241 505 4306 Virtutum
540 4243 649 4327 itaque
696 4243 921 4305 universarum
958 4239 1074 4305 avidus
1115 4243 1269 4304 executor
1303 4251 1337 4306 ct

291 4345 444 4408 vitiorum
469 4345 644 4410 insectator
670 4344 784 4408 beatus
808 4343 992 4429 Ecgwinus
1018 4342 1074 4406 ubi
1106 4341 1147 4405 ad
1180 4363 1336 4428 cygneam

295 4447 400 4511 aetatis
436 4447 573 4531 speciem
600 4447 761 4533 pervenit,
780 4444 1025 4531 Onrnipotentis
1054 4443 1115 4506 Dei
1152 4450 1245 4520 nutu,
1271 4444 1335 4524 Qui

294 4554 418 4613 sanctos
452 4571 525 4612 suos
556 4549 730 4613 salubriter
760 4550 918 4623 verberat,
950 4549 985 4611 in
1016 4548 1210 4610 monasterio
1249 4548 1336 4632 quod

294 4657 517 4716 construxerat
549 4651 583 4715 in
614 4652 776 4715 diutinam
802 4650 925 4715 decidit
955 4646 1190 4734 aegritudinem.
1231 4648 1335 4727 Quam

295 4775 390 4838 quum
414 4754 652 4840 patientissime
679 4754 934 4843 amplecteretur,
968 4757 1169 4837 mortemque
1184 4752 1246 4815 sibi
1265 4752 1335 4835 jam
