3264 5662
434 790 635 841 cnuoulcou
651 788 809 839 ABBATIAE
826 790 872 838 DE
888 788 1056 838 EVESHAM.
1219 774 1260 834 25

211 969 333 1034 eundis
364 968 609 1048 circumdatum,
635 989 759 1034 necnon
791 967 893 1032 muris
927 973 961 1033 et
992 965 1139 1032 turribus
1163 964 1263 1029 valla-

212 1078 297 1137 tum.
345 1071 411 1137 Sed
435 1073 513 1158 quia
535 1072 727 1137 multotiens
761 1093 803 1135 ex
826 1071 921 1157 adipe
951 1069 1062 1156 prodit
1095 1069 1263 1154 iniquitas,

208 1180 342 1261 quanto
365 1176 470 1260 magis
503 1197 610 1240 rerum
633 1180 839 1239 terrenarum
874 1172 1043 1260 opulentia
1075 1178 1109 1236 et
1140 1178 1264 1257 tempo-

207 1277 337 1342 ralium
360 1277 521 1342 bonorum
554 1276 758 1342 abundantia
791 1275 937 1360 ejusdem
970 1277 1031 1341 loci
1066 1275 1266 1339 habitatores

206 1379 407 1458 affluebant,
442 1386 536 1445 tanto
570 1381 674 1466 magis
708 1379 795 1466 gulae
829 1385 864 1444 et
895 1379 1036 1444 luxuriae
1069 1377 1181 1455 dediti,
1210 1399 1267 1441 va·

207 1490 328 1548 <untes
344 1483 453 1548 ventri
477 1490 511 1547 et
533 1483 640 1560 lateri,
655 1481 827 1547 studentes
850 1483 1000 1547 avaritiae
1024 1487 1057 1545 et
1080 1481 1264 1566 cupiditati,

210 1585 515 1650 misericordissima
538 1584 601 1649 Dei
633 1584 806 1649 elementia
837 1605 872 1648 se
899 1585 1052 1671 indignos
1074 1583 1265 1648 efficiebant.

214 1687 349 1753 Horum
377 1687 537 1773 siquidem
560 1693 727 1773 perpetuae
743 1688 846 1752 ruinae
869 1692 903 1752 et
924 1688 1106 1752 animarum
1125 1685 1265 1772 jacturae

213 1792 419 1877 compatiens
442 1789 560 1854 beatus
585 1790 768 1876 Eegwinus
793 1811 903 1854 eorum
927 1790 1074 1877 opinioni
1108 1795 1143 1853 et
1166 1790 1265 1854 errori

211 1893 471 1958 succurrendum
509 1893 651 1979 putavit.
698 1891 861 1956 Fervebat
898 1914 1039 1981 namque
1076 1879 1166 1957 beati
1203 1892 1266 1955 viri

211 1996 300 2061 circa
324 1996 411 2061 idem
432 2000 575 2060 castrum
597 1995 766 2059 ardentius
786 1996 905 2060 caritas
932 1995 1077 2081 eoquod
1098 1997 1132 2059 in
1154 1995 1266 2059 eodem

213 2097 295 2175 loeo,
320 2121 361 2164 ex
385 2098 539 2163 mandato
555 2097 738 2184 apostolica
763 2120 783 2161 a
806 2097 1010 2163 Brithwaldo
1026 2098 1266 2162 Brittaniaruru

215 2202 367 2288 primate,
393 2202 564 2266 concilium
587 2201 691 2265 totius
706 2200 845 2287 Anghae,
869 2202 1091 2287 episcoporum
1114 2199 1268 2265 uidelicet

216 2305 366 2391 sacrique
388 2303 512 2369 ordinis
526 2304 751 2389 religiosarum
771 2325 984 2389 personarum
1006 2304 1268 2390 optimatumque

219 2408 312 2494 regni
336 2430 409 2472 cum
434 2406 620 2493 proceribus
642 2406 718 2482 suis,
736 2405 801 2470 suit
823 2428 882 2493 pro
905 2428 943 2471 eo
967 2412 1001 2472 et
1024 2429 1082 2493 per
1104 2429 1178 2471 eum
1201 2427 1267 2470 non

220 2509 325 2574 multo
341 2510 432 2596 prius
454 2509 693 2589 coadunatum3
717 2514 751 2572 et
773 2508 896 2573 ibidem
919 2509 954 2572 in
977 2511 1109 2574 nomine
1125 2509 1267 2587 Domini,

221 2612 401 2699 privilegiis
424 2617 494 2676 tam
517 2612 636 2676 summi
668 2610 833 2697 pontificis
856 2634 955 2697 quam
978 2633 1091 2699 regum
1126 2612 1160 2676 in
1184 2634 1268 2677 coru-

221 2716 312 2779 rnuui
345 2716 505 2801 perlectis,
537 2713 797 2779 Eoveshamense
831 2714 1016 2779 coenobium
1051 2716 1095 2781 sit
1130 2716 1267 2780 liberum

222 2816 461 2894 denuntiatum,
485 2822 528 2895 et,
553 2839 594 2882 ex
616 2822 778 2904 praecepto
812 2817 997 2903 apostolico,
1021 2819 1163 2884 abinde
1194 2842 1268 2907 pro·

223 2921 445 3007 gredientibus
468 2920 624 3007 episcopis
646 2921 682 2982 in
702 2920 835 2985 ecelesia
849 2921 1104 2987 Eoveshamensi
1127 2925 1172 2987 sit
1193 2945 1266 2988 con-

277 3024 370 3110 gatio
403 3023 634 3088 monachorum
668 3024 857 3102 constituta,
891 3047 964 3109 quae
996 3026 1105 3090 minus
1136 3027 1171 3089 in
1204 3027 1268 3090 illis

225 3126 371 3212 partibus
395 3132 476 3191 tune
503 3124 696 3203 habebatur,
720 3126 805 3190 ovile
827 3126 980 3192 videlieet
1003 3129 1164 3193 divinitus
1187 3152 1266 3215 prae·

225 3235 397 3308 ostensum,
421 3228 598 3315 apostolica
622 3230 819 3294 auctoritate
843 3229 975 3308 fultum,
999 3232 1089 3316 regia
1115 3232 1268 3296 libertate

226 3331 390 3408 donatum,
414 3331 490 3397 cleri
523 3337 557 3395 et
589 3332 700 3418 populi
734 3332 955 3397 benedictioni
989 3334 1159 3410 sancitum,
1183 3336 1269 3399 sieut

227 3436 396 3521 privilegia
431 3434 574 3520 ejusdem
607 3434 748 3500 ecclesiae
783 3439 955 3500 testantur.
1003 3435 1060 3501 Ad
1083 3436 1169 3502 hunc
1192 3460 1268 3525 ergo

225 3537 325 3602 locum
360 3538 513 3602 accedens
544 3537 660 3602 beatus
695 3538 879 3625 Eegwiuus,
919 3538 1126 3620 obsecrando,
1166 3542 1268 3607 inere-

227 3640 340 3727 pando,
366 3640 506 3705 verbum
530 3639 593 3704 Dei
628 3641 830 3706 annuntians
858 3648 1049 3728 opportune,
1074 3644 1267 3730 importune,

224 3744 370 3808 inomni
394 3742 645 3808 mansuetudine
669 3750 702 3808 et
724 3744 855 3829 pietate,
881 3746 1027 3810 inomni
1050 3748 1212 3832 patientia
1234 3757 1269 3814 et

225 3846 381 3925 doctrina,
407 3846 471 3911 illis
494 3846 648 3933 gentibus
670 3847 863 3932 praedicavit
886 3870 1023 3935 regnum
1047 3851 1210 3931 coelorum,
1235 3858 1269 3918 et

225 3972 289 4014 non
311 3951 417 4015 tacuit
440 3950 524 4014 vitia
546 3971 664 4014 eorum.
722 3949 788 4015 Sed
810 3972 890 4037 gens
913 3952 971 4015 illa
992 3952 1114 4039 absque
1137 3955 1269 4020 consilio

224 4063 258 4117 et
273 4053 343 4117 sine
367 4052 551 4139 prudentia,
568 4058 603 4116 et
626 4053 760 4117 cervicis
782 4052 883 4133 durae,
900 4055 999 4118 immo
1022 4055 1194 4131 induratae,
1209 4080 1269 4123 nec

223 4162 355 4220 assueta
370 4156 456 4220 vitia
477 4155 660 4241 relinquere
683 4177 743 4220 nec
765 4156 986 4222 saluberrimis
1009 4159 1141 4223 monitis
1164 4163 1269 4226 sancti

223 4258 288 4322 viri
310 4257 445 4323 volebat
475 4257 689 4344 adquiescere,
713 4259 769 4323 sed
803 4280 862 4324 neo
894 4260 963 4345 ejus
995 4261 1172 4328 salutiferis
1194 4266 1268 4332 doc*

223 4361 323 4425 trinae
347 4361 458 4446 aliqua
480 4362 609 4425 ratione
632 4360 773 4438 obviare,
798 4385 903 4448 neque
927 4364 1097 4450 sapientiae
1121 4371 1155 4430 et
1176 4370 1269 4455 spiri·

222 4464 275 4528 tui
309 4465 366 4549 qui
399 4464 435 4527 in
458 4486 496 4528 eo
519 4463 714 4549 loquebatur
745 4471 874 4551 poterat
897 4468 1054 4533 resistere.
1104 4469 1211 4548 Unde,
1235 4480 1269 4538 et

224 4587 327 4653 quum
363 4566 468 4653 palam
491 4588 551 4632 nec
573 4573 681 4653 posset
704 4590 763 4633 neo
796 4570 931 4635 auderet
962 4572 1075 4652 dicere,
1101 4573 1226 4641 Recede
1248 4587 1396 4640 aJobxxi.

224 4668 320 4732 nobis
353 4671 431 4754 quia
453 4671 524 4734 vias
558 4676 631 4735 tuas
663 4671 826 4752 nolumus,
850 4695 891 4738 ne
915 4675 1049 4739 verbum
1073 4676 1137 4742 Dei
1171 4679 1268 4744 disse-
1284 4663 1321 4708 ¹⁴·

224 4772 408 4838 minaretur
422 4773 531 4839 varias
547 4773 700 4841 discurrit
714 4773 757 4840 ad
772 4780 869 4842 artes.
895 4776 1005 4857 Quum
1025 4779 1113 4845 enim
1128 4787 1268 4848 castrum
