3270 5656
414 819 616 872 cuaomcon
638 823 799 873 ABBATIAE
821 824 868 874 mr
891 823 1060 875 rvrsmu
1197 812 1260 877 305

215 1022 285 1068 cum
318 1004 484 1091 lapidibus
515 1013 713 1095 sumptuose,
753 1014 792 1073 ut
824 1015 918 1095 patet
951 1031 1010 1096 per
1039 1010 1155 1076 visum.
1211 1010 1263 1076 Si·
1318 1027 1387 1082 an.

216 1106 336 1172 militer
357 1107 438 1174 fecit
458 1110 582 1175 ibidem
605 1111 647 1176 de
669 1134 756 1177 novo
788 1134 893 1176 uuum
928 1113 1115 1178 columbare
1147 1118 1182 1178 et
1211 1100 1427 1178 (το-13804418·

215 1208 346 1292 quinam
369 1211 517 1292 ibidem3
541 1214 693 1279 similiter
715 1220 750 1280 et
773 1215 939 1301 capellam.
978 1214 1098 1280 Postea
1118 1214 1198 1280 fecit
1221 1215 1263 1281 de

215 1330 298 1376 novo
320 1314 503 1379 maximum
526 1337 637 1381 arcum
661 1317 772 1403 pontis
788 1317 1001 1384 Eveshamiae.
1047 1316 1134 1383 Item
1161 1339 1261 1404 appo·

214 1414 279 1478 suit
294 1437 410 1481 manus
433 1417 610 1503 adjutrices
633 1424 703 1484 tam
726 1421 762 1484 iu
777 1420 929 1506 expensis
944 1440 1043 1505 quam
1058 1420 1094 1483 in
1110 1419 1262 1506 cariagiis

213 1513 253 1578 ud
268 1519 496 1602 pavimentum
511 1520 601 1587 villas
617 1521 833 1587 Eveshamiae.
872 1521 1054 1608 Postquam
1077 1521 1178 1587 solvit
1199 1543 1261 1608 pro

213 1619 363 1685 omnibus
385 1623 543 1688 custubus
566 1624 749 1710 pavimenti
772 1623 976 1690 refectorarii
999 1624 1259 1710 E[veshamiael]

211 1726 243 1786 et
257 1722 346 1787 illius
361 1724 493 1813 paginae
503 1724 606 1810 juxta
617 1727 707 1791 idem
722 1727 940 1793 refectorium.
978 1726 1141 1792 Similiter
1156 1727 1260 1793 aedifi·

212 1824 298 1890 cavit
321 1826 362 1892 de
385 1849 472 1893 novo
495 1835 637 1914 quatuor
661 1831 791 1917 cotagia
812 1830 914 1916 juxta
928 1834 1058 1917 portam
1081 1829 1260 1896 caemeterii

133 1970 137 1976 -
211 1948 266 2012 pro
289 1931 487 2016 pauperibus
509 1932 736 1997 inhabitandis
758 1938 794 1998 et
817 1932 990 1998 orantibus
1004 1955 1064 2019 pro
1088 1954 1122 1998 sc
1145 1939 1180 1998 et
1201 1954 1261 2019 pro

212 2032 361 2098 omnibus
375 2033 528 2100 fidelibus
544 2035 716 2101 defunctis.
748 2034 836 2100 Item
847 2036 1029 2123 campanile
1039 2035 1080 2100 de
1096 2036 1261 2100 Evesham

212 2133 274 2199 fuit
312 2142 535 2202 constructum
574 2143 720 2225 tempore
755 2159 823 2215 suo,
857 2138 900 2203 ad
935 2138 1024 2224 quod
1054 2139 1124 2203 siue
1159 2139 1261 2203 dubio

212 2238 374 2303 maximus
389 2239 523 2325 adjutor
539 2246 573 2306 et
588 2240 779 2306 benefactor
794 2240 861 2307 fuit
877 2247 947 2305 tarn
963 2241 1000 2305 in
1015 2240 1162 2327 cariagio
1177 2240 1260 2325 lapi-

211 2338 287 2404 dum
304 2363 403 2427 quam
419 2343 455 2406 in
471 2343 546 2408 aliis
560 2344 749 2408 necessariis
772 2342 894 2407 multis.
941 2341 1066 2407 Postea
1088 2340 1261 2427 presbyte-

210 2441 294 2505 rium
324 2443 421 2510 istius
448 2445 510 2510 loci
534 2444 658 2510 factum
683 2445 748 2510 fuit
771 2445 808 2509 in
832 2449 981 2530 tempore
1003 2465 1072 2522 suo,
1095 2444 1137 2508 ad
1170 2443 1259 2529 quod

210 2545 369 2628 gratiosas
406 2568 523 2611 manus
553 2547 730 2633 adjutrices
761 2545 923 2633 apposuit,
946 2551 1016 2610 tam
1050 2545 1086 2609 in
1118 2545 1260 2631 cariagio

211 2644 356 2732 lapidum
375 2647 601 2734 [et]me1·emii
624 2671 723 2735 quam
744 2648 787 2714 ad
813 2648 981 2723 fenestras,
1001 2668 1080 2712 cum
1095 2647 1260 2733 adjutorio

210 2749 361 2836 magistri
406 2751 545 2817 Roberti
581 2751 696 2831 More;
743 2750 832 2815 unde
871 2749 1033 2815 credimus
1070 2748 1158 2834 quod
1196 2748 1260 2836 ipsi

210 2848 342 2917 fuemnt
364 2874 461 2918 causa
483 2852 578 2920 bonae
601 2853 891 2920 consummationis
920 2851 1025 2938 ipsius
1048 2852 1163 2937 operis,
1188 2851 1260 2916 Deo

210 2959 409 3039 cooperante,
434 2977 574 3041 quorum
596 2955 771 3021 animabus
791 2955 992 3042 propitietur
1007 2954 1116 3018 Deus:
1143 2953 1260 3019 Amen.

212 3053 296 3120 Item
328 3058 532 3123 reaedificari
570 3058 649 3123 fecit
686 3058 726 3124 de
764 3079 852 3123 novo
888 3079 994 3122 unum
1031 3061 1260 3121 tenementum

211 3160 295 3244 apud
320 3159 525 3246 Wykewone
548 3166 703 3226 vocatum
727 3159 948 3245 Hodysplace,
978 3179 1037 3246 pro
1067 3179 1132 3242 quo
1155 3157 1259 3222 aedifi-

210 3263 312 3327 cando
328 3263 487 3348 expendit
501 3264 544 3328 ad
559 3264 669 3327 minus
685 3262 810 3349 viginti
825 3283 960 3326 marcas.
1006 3259 1052 3323 Et
1066 3259 1136 3324 haec
1151 3258 1193 3324 de
1208 3280 1257 3324 re-

211 3364 434 3448 parationibus
449 3371 483 3430 et
498 3369 762 3431 tenementomm
778 3364 819 3427 de
833 3384 922 3428 novo
936 3360 1213 3428 aedificationibus
1222 3361 1258 3424 in

210 3473 310 3550 parte,
334 3468 410 3534 licet
435 3490 504 3533 uon
526 3469 563 3532 in
578 3474 649 3533 toto
665 3471 800 3555 propter
813 3465 950 3531 taedium
977 3463 1124 3550 legentis
1159 3463 1259 3527 Nunc

209 3575 317 3634 autem
333 3570 376 3634 ad
391 3571 456 3634 alia
470 3570 605 3656 pietatis
620 3570 690 3653 ejus
714 3590 813 3655 opera
834 3572 1047 3633 revertamur.
1094 3565 1258 3631 Similiter

209 3672 382 3756 acquisivit
412 3673 488 3737 huic
519 3673 661 3738 ecclcsiae
694 3694 794 3736 unam
828 3670 961 3735 mitram
984 3669 1106 3734 bonam
1129 3672 1164 3734 et
1192 3667 1258 3732 for-

210 3794 329 3839 mosam
346 3797 420 3839 cum
431 3774 541 3861 perles
557 3776 710 3840 decenter
732 3778 893 3839 ornatam
940 3772 1059 3837 Postea
1081 3769 1259 3855 acquisivit

208 3897 262 3940 sex
284 3899 381 3964 capas
406 3900 479 3943 cum
496 3878 626 3942 xxxiiii.
649 3877 733 3941 albis
755 3877 855 3940 unius
878 3879 985 3955 sectae,
1009 3879 1043 3939 et
1065 3873 1148 3938 duas
1162 3870 1254 3935 alias¹

208 3999 280 4043 cum
318 3984 458 4065 quatuor
496 3981 619 4045 tunicis
656 3979 727 4044 fieri
765 3978 851 4044 fecit.
913 3975 1008 4041 Fecit
1044 3974 1145 4039 etiam
1183 3973 1256 4037 fieri

207 4081 387 4145 maximum
411 4082 541 4168 gradale
562 4081 658 4147 istius
674 4081 817 4146 ecclesiae
840 4081 993 4144 decenter
1008 4081 1043 4141 et
1057 4080 1254 4161 sumptuose,

207 4185 293 4268 quod
312 4186 415 4249 servit
430 4207 489 4272 pro
504 4184 681 4250 abbatibus
705 4185 742 4248 in
764 4183 861 4248 choro
885 4201 986 4267 quum
1009 4177 1057 4242 ibi
1079 4183 1256 4264 praesentos

207 4285 336 4351 merint.
398 4287 484 4352 Item
524 4286 733 4352 sustentabat
763 4284 925 4349 luminare
954 4279 1061 4346 sancti
1090 4278 1255 4345 Johannis

208 4387 377 4474 Baptista,
404 4389 559 4454 videlicet
595 4389 684 4455 omni
728 4388 782 4452 die
816 4383 1005 4450 nativitatis
1043 4381 1114 4467 ejus
1148 4380 1253 4444 xxiiii.

206 4511 309 4555 cereos
331 4515 440 4557 coram
463 4492 562 4556 altari
593 4491 738 4576 ejusdcm
772 4490 825 4554 die
848 4510 886 4551 ac
908 4491 1015 4564 nocte,
1037 4506 1134 4569 quern
1157 4481 1254 4546 valde

206 4592 328 4660 dilexit.
390 4595 550 4659 Similiter
572 4593 783 4658 sustentabat
812 4613 914 4656 unum
943 4608 1073 4654 cereum
1096 4606 1252 4671 magnum

602 4824 852 4895 wimannus.
1093 4916 1118 4967 u
