3264 5662
491 785 695 834 ennonrcon
718 783 876 833 crusna
899 785 946 832 un
968 783 1138 833 summu.
1276 759 1340 833 189

283 978 308 1007 ‘¹
332 970 504 1056 Responde
526 969 606 1035 his⁰
660 970 705 1034 Et
728 969 944 1046 adversariae,
972 969 1101 1034 “Pater
1130 973 1251 1049 sancte,
1282 989 1342 1055 ego
1355 984 1424 1036 Aa).
1440 989 1510 1037 1206.

282 1081 306 1108 “
329 1095 500 1158 nunquam
539 1073 574 1136 in
616 1072 689 1137 tn'tu
732 1093 805 1135 mea
848 1071 990 1156 amplius
1027 1092 1124 1157 super
1161 1071 1344 1157 privilegiis
1356 1067 1413 1182 ffhg
1446 1134 1453 1154 ‚

283 1176 450 1239 “summi
476 1173 642 1261 pontificis
671 1172 857 1259 disputabo,
880 1174 937 1238 sed
967 1194 1026 1237 vos
1064 1172 1158 1258 cujus
1188 1179 1239 1238 est
1268 1195 1343 1237 con·
1356 1149 1475 1251 ,3022ss

284 1287 306 1311 “
330 1278 406 1343 dere
429 1298 490 1363 pro
512 1276 684 1340 voluntate
706 1279 818 1339 vestra
847 1275 1110 1360 interpretamini
1143 1275 1204 1341 ea”
1258 1275 1343 1338 Tum
1357 1267 1466 1317 ⁶00¹i¹¹0⁸

284 1379 443 1444 dominus
464 1400 557 1465 papa,
577 1378 635 1463 qui
658 1376 801 1441 multum
824 1377 1016 1441 favorabilis
1039 1382 1111 1442 erat
1133 1377 1285 1464 episcopo
1307 1377 1343 1441 in
1356 1333 1512 1464 {didici-ilii

284 1481 349 1545 lrao
380 1480 501 1545 ultima
532 1501 639 1558 causa,
668 1478 768 1559 dixit,
803 1479 975 1544 “Videtur
1008 1479 1115 1565 prima
1144 1477 1226 1543 facie
1256 1478 1344 1565 quod
1356 1464 1487 1544 thenter-

285 1591 306 1616 “
330 1582 506 1668 privilegia
548 1581 735 1645 Innocentii
769 1586 804 1646 et
837 1580 1021 1645 Alexandri
1057 1580 1265 1667 dependeant
1301 1534 1517 1663 expraeppltffipp

287 1693 307 1718 “
329 1684 503 1771 privilego‘o
541 1682 762 1760 Constantini,
796 1688 831 1746 et
864 1681 926 1746 sub
958 1682 1019 1747 tali
1057 1682 1243 1748 conditione
1277 1665 1432 1748 smt¹‘⁸“·

287 1794 307 1820 “
330 1785 473 1850 ecclesiae
496 1784 733 1849 Eveshamensi
771 1805 921 1849 concessa
950 1784 979 1848 si
1010 1784 1106 1849 vallis
1137 1783 1343 1864 Eveshamiae

288 1888 364 1952 “in
395 1909 461 1973 qua
483 1887 557 1952 sitae
588 1890 668 1951 sunt
697 1885 763 1951 illae
795 1884 939 1950 ccclesiae
970 1886 1014 1951 sit
1047 1885 1102 1951 ille
1125 1888 1215 1951 locus
1245 1907 1344 1971 quem

288 1996 307 2023 ‘¹
331 1989 572 2054 Constantinus
587 2010 674 2074 papa
688 1987 781 2052 dedit
803 1987 976 2052 libertati''
1022 1988 1068 2053 Et
1090 1988 1171 2052 data
1192 1988 1342 2053 benedic·
1357 2004 1456 2055 Second

288 2092 380 2156 tione
426 2089 582 2176 praeoepit
624 2095 664 2154 ut
708 2089 930 2155 recederemus
975 2089 1079 2154 donec
1125 2112 1222 2175 super
1259 2112 1341 2178 prae·
1356 2072 1469 2137 hm&

287 2192 467 2278 scriptione
490 2190 611 2255 dicturi
644 2190 725 2254 alias
748 2212 947 2256 vocaremur.
1002 2190 1083 2256 Post
1114 2192 1241 2276 aliquot
1272 2191 1343 2256 dics
1355 2163 1471 2278 {wey

289 2295 410 2359 iterum
441 2292 548 2359 vocati
584 2293 833 2378 comperuimus,
868 2299 903 2358 et
942 2292 1023 2370 dixi,
1061 2292 1189 2357 “Pater
1222 2299 1343 2370 sancte,
1355 2295 1476 2373 numda-

290 2402 308 2431 “
331 2395 419 2480 quod
441 2416 500 2482 per
522 2394 695 2481 privilegia
717 2393 816 2479 hujus
838 2398 959 2459 sauctae
980 2394 1066 2459 sedis
1089 2395 1231 2459 ecclesiae
1246 2394 1344 2459 vallis
1356 2362 1488 2478 {mm

288 2505 306 2533 “
331 2496 538 2562 Eveshamiae
576 2496 619 2560 ab
657 2496 748 2560 omui
783 2495 1016 2579 jurisdictione
1056 2495 1231 2582 episcopali
1275 2496 1344 2559 sint
1356 2496 1477 2572 {¹me

290 2608 305 2634 “
328 2603 492 2684 exemptae
511 2597 716 2673 sufficienter,
739 2602 778 2661 ut
801 2597 883 2661 mihi
913 2597 1053 2674 videtur,
1077 2596 1183 2682 pridie
1205 2597 1344 2674 ostendi,
1353 2561 1506 2677 fflffssh,

292 2707 309 2736 “
332 2707 367 2765 et
390 2699 479 2786 quod
502 2699 655 2763 similiter
677 2698 923 2784 praescriptione
945 2699 1013 2762 tuti
1037 2697 1138 2762 simus
1161 2719 1229 2763 non
1250 2698 1346 2762 credo
1359 2692 1432 2742 ‘'²¹⁰-

290 2809 308 2836 “
331 2801 553 2866 adversarium
592 2805 743 2865 nostrum
780 2800 865 2865 velle
908 2799 1056 2876 inficiari,
1094 2799 1173 2885 quia
1216 2799 1347 2864 diutina

290 2911 309 2938 “
332 2903 490 2989 possessio
520 2907 643 2979 nostra,
679 2923 753 2986 quae
793 2902 951 2966 memoria
991 2901 1161 2966 homiuum
1207 2901 1345 2978 excedit,

291 3015 307 3039 “
330 3028 397 3070 non
427 3009 560 3069 tantum
592 3025 650 3090 per
683 3009 786 3069 testes
820 3026 863 3068 ex
894 3009 988 3089 parte
1022 3009 1135 3068 nostra
1161 3005 1345 3090 productos,

292 3114 309 3141 “
332 3107 389 3172 sed
418 3107 519 3186 etiam
550 3128 608 3191 per
638 3106 727 3169 viros
760 3105 955 3169 clarissimos
986 3111 1021 3169 et
1055 3106 1119 3170 fide
1155 3106 1272 3190 dignos
1304 3127 1346 3168 cx
1406 3145 1411 3154 ·

291 3215 423 3295 “parte
457 3208 598 3293 episcopi
634 3207 809 3293 productos
839 3206 1111 3271 sufficientissime
1141 3206 1301 3291 probatur
1313 3205 1345 3282 ;''

291 3318 325 3375 et
346 3309 513 3395 proferens
537 3309 682 3373 rotulum
701 3313 851 3372 nostrum
866 3308 974 3392 incepi
992 3307 1097 3391 legere
1118 3307 1347 3371 attestationes

292 3436 364 3496 quta
387 3411 514 3476 adhoc
537 3411 708 3475 faciebant.
755 3409 800 3474 Et
828 3409 983 3473 dominus
1005 3431 1099 3494 papa,
1124 3409 1225 3473 taedio
1251 3410 1346 3473 affee-

294 3520 354 3592 tus,
379 3534 554 3578 conversus
584 3511 626 3576 ad
656 3511 879 3576 adversarium
918 3516 1067 3575 nostrum
1098 3511 1195 3589 dixit,
1227 3519 1245 3544 “
1253 3510 1344 3575 Num

293 3626 308 3649 ‘⁴
331 3637 413 3701 opus
428 3620 478 3679 est
493 3614 632 3679 lectione
647 3614 925 3678 attestationum?
942 3635 1023 3677 num
1039 3613 1346 3700 praescripseruntt”

294 3719 336 3782 Et
359 3717 448 3781 dixit
470 3717 627 3802 magister
658 3716 831 3796 Robertus,
862 3717 1022 3781 “Revera
1051 3714 1348 3803 praescripserunt.”

294 3820 336 3884 Et
374 3818 527 3882 dominus
564 3839 657 3903 papa,
690 3817 769 3882 “Ut
800 3818 881 3902 quid
911 3840 987 3904 ergo
1022 3819 1210 3884 laboramus
1222 3817 1256 3883 t'’
1303 3819 1348 3883 Et

293 3920 505 3996 adversarius,
527 3918 654 3983 “Pater
675 3924 796 3996 sancte,
820 3941 881 3983 nos
904 3919 1080 3984 didicimus
1102 3921 1138 3984 in
1161 3919 1288 3999 scholis,
1312 3923 1347 3983 et

294 4030 311 4058 “
333 4023 403 4088 haec
433 4026 485 4086 est
522 4021 633 4106 opinio
671 4021 902 4107 magistrorum
932 4027 1128 4098 nostrorum,
1154 4021 1242 4105 quod
1279 4042 1346 4085 non

295 4125 436 4190 “currit
465 4123 669 4209 praescriptio
699 4128 815 4187 contra
839 4123 918 4208 jura
948 4122 1169 4208 episcopalia.''
1216 4122 1261 4186 Et
1291 4121 1347 4187 do

294 4229 400 4291 minus
431 4248 524 4312 papa,
557 4232 576 4260 “
588 4224 685 4290 Certe
717 4229 752 4289 et
784 4230 823 4290 tu
857 4229 892 4289 et
924 4224 1074 4310 magistri
1114 4224 1164 4288 tui
1203 4224 1346 4289 multum
1360 4231 1417 4281 The

294 4338 310 4363 c
331 4329 464 4394 arbans
487 4327 528 4391 ue
551 4326 707 4391 cerevisia
723 4326 907 4411 ingrana
921 4326 1052 4412 quando
1067 4325 1138 4390 haec
1160 4325 1347 4391 dicionem
1360 4297 1487 4414 w,

296 4432 337 4495 Et
375 4452 477 4515 quum
516 4429 671 4514 magister
703 4427 866 4493 Robertus
896 4429 1004 4493 adhuc
1034 4427 1122 4492 idern
1159 4428 1346 4506 affirmaret,
1360 4430 1492 4480 theirlove

297 4533 413 4597 iterum
453 4531 541 4596 idem
579 4530 710 4594 audivit
747 4551 948 4616 responsum.
1009 4530 1055 4595 Et
1093 4552 1194 4615 quum
1239 4498 1464 4595 adhucofbeer.

300 4636 450 4719 magister
467 4633 630 4697 Robcrtus
654 4632 741 4696 idern
764 4633 901 4718 probare
925 4633 1087 4698 niteretur
1110 4656 1167 4719 per
1189 4633 1347 4719 quosdam
