3264 5662
356 814 557 864 CHRONICON
582 815 738 863 ABBATIAE
762 815 808 863 Dll
831 813 1000 863 EVESHAM.
1136 799 1201 865 293

156 988 295 1065 enhulle,
318 988 376 1052 ubi
399 988 558 1053 seminare
581 988 659 1053 fecit
682 1010 820 1074 quercus
842 995 877 1053 et
898 987 1045 1053 fraxinos
1068 993 1102 1052 et
1123 987 1204 1053 alias
1260 998 1328 1049 an.

155 1090 289 1155 arbores.
336 1091 495 1155 Similiter
510 1097 543 1156 et
558 1091 645 1177 apud
662 1091 824 1156 Evesham
839 1091 876 1154 in
891 1090 1036 1177 pomerio
1058 1089 1205 1155 inferiori
1218 1069 1369 1116 ¹³⁴⁴'¹³⁴⁵'

157 1215 267 1258 versus
303 1192 483 1280 Hampton,
514 1194 571 1279 qui
602 1198 715 1278 postea
752 1193 795 1257 ad
826 1214 981 1280 magnam
1020 1192 1203 1258 utilitatem

156 1296 295 1361 ecclesiae
329 1297 364 1359 in
390 1296 495 1361 altum
526 1295 731 1380 proficientes
757 1296 994 1362 excrescebant.
1048 1295 1093 1359 Et
1125 1296 1204 1381 quia

157 1399 263 1463 herbae
287 1400 505 1484 pomeriorum
528 1397 658 1462 abbatis
681 1398 758 1462 olim
789 1399 833 1463 ad
859 1398 1000 1463 officium
1022 1397 1203 1485 gardinarii

156 1508 337 1565 conventus
367 1500 586 1586 pertinebant,
623 1500 716 1564 dedit
749 1499 837 1565 idem
872 1500 973 1566 abbas
1003 1500 1046 1565 ad
1076 1500 1199 1566 dictum

156 1602 295 1668 officium
318 1605 493 1689 sexaginta
515 1602 635 1667 solidos
656 1624 714 1688 per
735 1624 860 1667 annum
883 1625 926 1670 ne
949 1603 989 1667 de
1011 1602 1121 1667 herbis
1143 1606 1203 1668 aut

155 1705 326 1770 arboribus
341 1706 464 1771 ibidem
488 1706 528 1769 de
544 1711 662 1770 caetero
686 1711 865 1770 crescentes
880 1726 914 1771 se
929 1704 1143 1771 intromittat.

199 1807 311 1887 Quum
348 1813 459 1871 autem
492 1807 613 1892 viginti
652 1813 724 1872 octo
763 1807 860 1871 annis
892 1829 986 1872 suam
1023 1807 1204 1893 prudenter
1217 1831 1351 1882 fliedenu

156 1910 293 1975 rexisset
308 1910 482 1986 ecclesiam,
499 1909 574 1973 idus
590 1909 778 1974 Decembris
803 1911 838 1973 in
861 1932 939 1997 pace
954 1910 1060 1974 vitam
1082 1910 1203 1988 finivit,
1219 1897 1323 2015 fflee

156 2035 242 2077 anno
280 2012 416 2076 Domini
454 2012 626 2077 millesimo
667 2013 928 2100 [tricentesimo]·
955 2013 1204 2099 quadragesimo
1285 2003 1290 2014 ⁸

155 2126 280 2201 quarto,
304 2122 338 2179 et
356 2115 459 2198 juxta
481 2114 606 2179 fontem
622 2113 658 2178 in
675 2115 753 2178 navi
769 2115 904 2180 ecclesia
921 2114 1011 2200 jacet
1026 2114 1203 2180 humatus:

155 2217 247 2304 cujus
269 2218 388 2283 animae
404 2217 603 2303 propitietur
618 2216 716 2283 Deus.
762 2220 877 2282 Amen.

200 2466 249 2531 oe
279 2465 477 2551 aloytum
507 2464 835 2632 apostatantur
863 2464 1043 2532 uantum
1072 2431 1161 2553 aaa

614 2589 636 2631 a
697 2566 749 2632 tia

200 2695 313 2760 Tertia
335 2716 464 2781 quoque
487 2693 693 2758 hebdomada
722 2699 797 2780 post
820 2692 892 2779 ejus
915 2693 1092 2775 decessum,
1115 2695 1307 2763 vide-Abba

157 2798 232 2862 lieet
270 2796 430 2861 kalendas
471 2795 638 2873 Januarii,
681 2795 804 2859 electus
842 2800 893 2860 est
930 2798 1134 2863 concorditer
1171 2781 1363 2898 inffilfffi

157 2899 311 2965 abbatem
335 2899 533 2963 Willielmus
558 2897 667 2983 Boys¹
693 2898 870 2963 monachus
900 2897 996 2964 istius
1026 2901 1151 2976 domus,
1173 2905 1208 2963 et
1222 2921 1375 2972 iammon-

1219 2982 1308 3031 flrmed

158 3026 177 3066 a
199 3025 285 3089 papa
308 3001 478 3067 Clemente
509 3006 603 3065 sexto
635 3000 798 3065 dominica
819 3000 855 3064 in
878 3000 992 3065 Ramis
1020 3001 1207 3067 PalmaruIn
1220 3049 1361 3100 aonlnch.

157 3106 305 3191 proxima
350 3110 508 3188 sequente
546 3102 724 3167 Avinoniae
769 3103 990 3168 confirmatur.
1045 3105 1207 3169 Reversus

159 3209 270 3292 itaque
302 3207 469 3292 Angliam,
502 3227 576 3270 cum
610 3205 728 3290 grandi
761 3204 881 3269 honora
916 3213 1017 3292 atquo
1051 3229 1161 3273 amore
1186 3228 1208 3271 a

159 3311 317 3375 fratribus
340 3309 531 3373 monasterii
554 3308 653 3392 hujus
685 3309 800 3372 dromus
830 3309 1015 3394 suscipitur,
1039 3317 1074 3374 et
1095 3311 1131 3374 in
1155 3309 1207 3375 dio

160 3415 373 3479 Pentecosten
411 3418 568 3497 sequente
599 3418 650 3475 est
680 3410 856 3475 honorifice
894 3411 1091 3477 installatus.
1136 3411 1340 3480 IsteInmlled

157 3519 257 3583 abbas
280 3517 334 3580 vir
363 3515 564 3580 honorabilis
587 3520 658 3579 erat
681 3523 779 3600 atque
809 3514 1011 3595 laudabilia,³
1032 3517 1205 3603 jocundus,
1223 3497 1332 3562 444447·

159 3619 292 3707 dapsilis
314 3625 415 3704 atque
434 3619 565 3696 facetus,
587 3617 718 3702 sicque³
739 3639 796 3704 per
819 3617 962 3683 ciborum
986 3619 1208 3707 dapsilitatem

159 3728 192 3787 et
227 3744 401 3785 munerum
439 3720 619 3785 multorum
657 3719 865 3804 largitionem
897 3742 970 3806 quae
1004 3723 1208 3809 temporibus

161 3824 353 3911 opportunis
376 3823 505 3909 copiose
535 3821 735 3901 effundebat,
766 3843 920 3909 magnam
942 3824 1006 3891 sibi
1029 3826 1207 3891 amicitiam

161 3925 364 4012 comparavit
387 3930 455 3987 tam
479 3925 514 3987 in
536 3924 627 3988 curia
649 3925 735 4010 regis
756 3947 855 4009 quam
873 3925 961 3991 alibi.
1008 3926 1074 3991 Hic
1096 3928 1208 4014 itaque

162 4029 262 4093 abbas
301 4027 479 4112 acquisivit
518 4027 554 4089 in
592 4026 673 4091 villa
711 4026 751 4092 de
790 4025 953 4092 Evesham
991 4027 1032 4093 de
1064 4029 1209 4096 Henrico

163 4132 304 4198 Chestur
335 4131 401 4193 tria
432 4134 622 4193 tenemento
652 4150 725 4192 cum
756 4129 975 4216 pertinentiis,
1003 4136 1038 4196 et
1071 4133 1211 4219 triginta

163 4240 285 4320 septem
309 4254 399 4297 acras
423 4237 520 4296 torrae
543 4253 617 4294 cum
641 4231 748 4295 tribus
770 4231 853 4296 acris
882 4233 979 4317 prati,
1002 4255 1076 4318 quae
1099 4235 1211 4300 valent

165 4359 218 4422 per
256 4357 379 4398 annum
426 4321 669 4419 quinquaginta
714 4341 781 4398 tres
826 4334 947 4398 solidos
992 4342 1027 4399 et
1071 4342 1213 4422 quatuor

170 4496 416 4508 ---——-———

196 4581 202 4608 ¹
225 4578 303 4642 Boys]
322 4579 352 4626 de
373 4577 437 4639 Boy,
459 4575 530 4624 llarl.
548 4580 596 4624 229
614 4578 663 4624 aad
749 4574 923 4642 '³luudabilir]
942 4578 1057 4641 affabilis,
1075 4580 1145 4631 Harl.
1166 4588 1213 4632 229

167 4663 238 4706 3553,
716 4658 765 4705 and
777 4661 850 4706 3:6³.

749 4736 759 4764 ⁸
775 4735 870 4801 sicque]
884 4744 916 4786 et.
950 4736 1015 4787 Ibin
