3264 5662
365 768 567 819 osaomoon
590 768 750 821 ananum
773 772 819 821 ns
842 772 1013 824 avesniis
1150 763 1215 829 303

166 953 413 1040 Tidilmyntone
434 957 477 1022 ad
498 958 762 1025 emendationem
785 981 920 1026 cameras
942 963 1071 1027 nostrae.
1103 960 1215 1028 Mane·
1268 967 1337 1028 AD·

164 1057 249 1121 rium
284 1064 397 1124 tamen
432 1061 472 1125 de
505 1061 644 1147 Stanley
679 1085 736 1149 per
769 1064 910 1129 eundem
947 1065 1216 1151 praedecessorem

164 1160 370 1245 acquisitum,
410 1184 468 1248 pro
506 1186 544 1228 eo
584 1164 671 1249 quod
709 1170 855 1252 tempore
900 1188 960 1233 suo
993 1168 1142 1234 nondum
1174 1168 1216 1234 ad

163 1284 299 1331 manum
329 1269 495 1330 mortuam
521 1272 723 1352 pervenerat,
755 1267 902 1333 Johanni
930 1269 1029 1339 Rows
1055 1271 1217 1358 armigero

165 1389 224 1451 pro
248 1369 397 1433 ducentis
428 1370 545 1433 marcis
568 1370 610 1434 ab
634 1369 694 1435 hac
725 1370 858 1437 ecclesia
887 1371 1045 1455 alienavit
1075 1379 1111 1439 et
1139 1396 1218 1441 ven-

164 1469 257 1535 didit.
307 1470 394 1537 Item
418 1473 600 1538 manerium
624 1473 665 1538 de
688 1472 849 1558 Baddeby
871 1480 905 1540 et
931 1474 1096 1542 Newnam
1119 1481 1154 1543 et
1177 1477 1217 1542 de

166 1571 337 1659 Hampton
360 1575 403 1638 ad
426 1575 556 1638 firmam
587 1575 707 1661 posuit,
732 1575 816 1641 forte
839 1600 896 1664 pro
920 1577 1045 1643 meliori
1068 1584 1108 1645 ut
1130 1579 1218 1647 infra

164 1675 299 1760 patebit,
321 1682 455 1762 propter
474 1678 652 1743 varietates
672 1684 856 1764 temporum
877 1685 913 1745 et
932 1702 1101 1749 annorum.
1148 1682 1217 1749 Iste

163 1777 264 1842 etiam
287 1779 390 1843 abbas
420 1781 567 1866 providit
589 1802 648 1866 pro
671 1802 784 1846 mensa
805 1782 938 1849 abbatis
960 1805 1019 1849 sex
1041 1781 1212 1870 obor9er3¹

163 1887 327 1967 argentea,
340 1883 461 1968 viginti
478 1889 619 1969 quatuor
635 1883 739 1949 discos
762 1888 797 1948 et
817 1884 958 1953 totidem
981 1886 1125 1967 salsaria,
1142 1909 1215 1953 oum

163 1982 238 2049 aliis
262 1984 389 2050 duobus
419 1986 549 2071 magnis
580 1986 731 2063 salsariia
754 1993 788 2050 et
812 1986 894 2052 duos
925 1988 1031 2055 discos
1053 2011 1112 2075 pro
1135 1990 1217 2056 elee-

163 2109 300 2173 mosyna
330 2093 364 2151 et
395 2089 518 2174 viginti
545 2094 687 2175 quatuor
720 2088 902 2155 cochlearia
935 2097 1099 2176 argentea
1146 2092 1216 2159 Iste

162 2192 263 2254 etiam
294 2190 396 2255 abbas
427 2192 517 2255 istud
548 2191 782 2257 monasterium
820 2214 879 2277 pro
913 2198 1059 2279 tompore
1089 2216 1155 2281 quo
1185 2194 1215 2263 oi

162 2293 295 2379 praefuit
313 2295 349 2357 in
367 2294 592 2379 spiritualibus
612 2298 647 2359 et
663 2294 897 2381 temporalibus
917 2297 1082 2382 sapienter
1098 2298 1216 2384 guber·

161 2397 258 2461 navit
291 2401 326 2460 et
357 2397 504 2476 discrete,
537 2419 575 2462 ac
609 2402 730 2483 praeter
765 2397 974 2463 diversitates
1008 2399 1071 2464 sibi
1104 2399 1214 2465 illatas

163 2498 317 2583 injuriose
341 2521 407 2564 non
430 2500 500 2564 sine
531 2500 659 2586 magnis
689 2500 857 2565 laboribus
879 2505 914 2564 et
936 2501 1087 2586 expensis
1116 2503 1214 2569 susti-

160 2603 237 2666 nuit
260 2607 294 2666 et
317 2603 490 2687 patienter,
514 2608 554 2666 ut
581 2607 661 2668 tunc
697 2602 853 2687 oportuit,
884 2602 1049 2673 toleravit.
1074 2603 1212 2669 'Trans-

161 2705 243 2769 actis
264 2705 368 2790 igitur
386 2705 584 2791 praelationis
602 2727 670 2770 suae
689 2704 747 2770 xii.
766 2705 870 2781 annis,
886 2700 999 2775 relicto
1017 2707 1213 2773 monasterio

163 2807 315 2872 omnibus
330 2808 425 2872 bonis
449 2808 553 2893 pleno,
570 2809 670 2873 tertio
693 2807 852 2873 kalendas
874 2807 1073 2875 Novembris
1094 2809 1129 2875 in
1152 2810 1213 2877 hoc

161 2911 359 2976 monasterio
382 2911 469 2974 diem
490 2932 585 2977 suum
603 2911 720 2975 clausit
738 2915 932 2989 extremum,
954 2934 1040 2977 anno
1058 2912 1212 2978 videlicet
1224 2932 1307 2983 nath
1319 2933 1350 2984 οι·

163 3013 297 3078 Domini
319 3013 491 3077 millesimo
515 3013 771 3099 [trecentesimo]
794 3015 1034 3100 septuagesimo
1057 3036 1154 3095 nono,
1178 3022 1211 3081 et
1224 3001 1371 3132 ffiffiaem·

159 3117 296 3181 in·navi
320 3117 457 3182 ecclcsiae
474 3138 580 3181 coram
604 3116 732 3202 pulpito
750 3116 841 3201 jacet
863 3117 1015 3183 decenter
1037 3117 1256 3199 humatu8330
1269 3105 1328 3184 0ch

161 3221 253 3305 cujus
277 3220 395 3285 animm
419 3219 615 3305 propitietur
639 3219 736 3284 Deus.
783 3218 898 3285 Amen.
1226 3202 1306 3251 13ch

161 3510 210 3576 Dc
227 3510 384 3595 oporibus
401 3508 497 3576 bortis
512 3509 651 3576 donziaci
673 3508 799 3594 Roperi
821 3508 943 3575 Zatton
962 3514 1146 3597 postquam
1167 3508 1210 3574 in.

251 3613 400 3680 abbatem
437 3613 556 3679 clectus
593 3620 644 3679 est.
690 3612 784 3678 Num
814 3619 916 3679 anteo
947 3612 1059 3699 plara
1096 3612 1210 3698 diynoe

251 3717 420 3783 neemanim
462 3715 732 3782 commendando
767 3722 925 3801 operat-us
958 3723 1004 3783 est
1033 3715 1076 3783 ain
1106 3715 1211 3802 officio

249 3823 464 3901 soca-istarioe,
488 3831 527 3889 at
549 3821 824 3890 investimentis
847 3829 876 3890 et
899 3821 992 3891 atta.

206 3953 286 4016 Post
310 3954 401 4036 cujus
432 3951 594 4015 dohannis
617 3950 745 4015 obitum
768 3950 822 4013 vir
844 3949 928 4014 bene
950 3948 1121 4035 religiosus
1145 3949 1310 4015 RoAbbot

159 4078 257 4143 gerus
282 4056 413 4128 Zatton,
446 4052 649 4118 monachus⁸
673 4053 819 4136 ejusdem
842 4051 1044 4127 monasterii,
1068 4053 1124 4116 xii
1148 4053 1208 4118 ka·
1222 4031 1364 4148 mm

158 4160 272 4223 lendas
296 4157 487 4222 Decembris
519 4180 539 4220 a
561 4163 726 4221 conventu
761 4154 963 4219 unanimiter
996 4155 1031 4218 in
1053 4153 1207 4221 abbatem
1222 4163 1286 4214 Nov-
1304 4169 1374 4216 ¹³7⁹.

193 4462 344 4527 'ctoryenj
359 4463 471 4526 chagers.
499 4460 570 4510 llari.
585 4463 658 4509 3763.
741 4465 909 4532 monachus]
941 4474 966 4516 ct
991 4465 1102 4516 uenata
1137 4463 1205 4513 aad.

192 4545 202 4570 ²
220 4544 274 4592 Tha
287 4544 406 4606 abridgcd
419 4542 544 4590 chroniclc
553 4541 579 4588 in
588 4540 658 4589 Harl.
709 4547 778 4597 Hm,
792 4553 849 4602 229,
861 4547 877 4597 f,
894 4552 931 4595 19,

157 4628 222 4672 3763
236 4625 297 4671 ends
309 4624 381 4684 (ons.
398 4627 456 4683 176)
474 4632 499 4671 at
516 4622 558 4671 the
581 4620 666 4669 death·

157 4705 187 4752 of
194 4704 244 4753 this
256 4705 339 4752 abbot.

1230 1038 1379 1092 laci-ista

1403 788 1414 826 Ι
