3264 5662
422 805 622 902 cnsomcor
645 804 808 854 1111111111
832 807 878 854 on
902 787 1272 856 1111111179

216 983 424 1051 Ambresleie
451 983 552 1061 dedit,
583 990 617 1048 et
643 989 716 1047 octo
742 982 837 1047 hides
870 981 958 1069 apud
982 981 1163 1046 Bivintone
1200 980 1273 1098 qui·
1332 997 1400 1047 Anu

214 1088 359 1154 busdam
383 1086 546 1151 militibus
577 1087 644 1150 suis
669 1085 816 1163 tradidit,
848 1085 1050 1170 presbyteris
1073 1106 1151 1150 vero
1184 1085 1274 1171 quic·
1300 1068 1366 1115 ⁹⁷⁶·
1367 1069 1423 1114 ⁹⁸⁹·

218 1189 300 1277 quid
316 1189 380 1254 sibi
395 1190 520 1276 placuit
534 1189 575 1253 de
602 1188 699 1252 torris
723 1186 865 1252 ecclesiae
891 1187 1056 1252 concessit.
1103 1185 1167 1252 His
1189 1193 1273 1252 tem-

219 1293 357 1379 poribus
384 1291 518 1377 quidam
549 1296 665 1377 potens
699 1291 797 1355 homo
828 1289 893 1354 Vfu
922 1289 1063 1369 nomine,
1096 1289 1275 1355 vicecomes

221 1395 377 1460 videlicet
406 1417 506 1481 supre
536 1393 795 1458 Wureuuiosciro
818 1392 965 1458 reddidit
998 1391 1075 1456 huic
1097 1392 1168 1457 loco
1198 1414 1274 1458 eum

223 1518 355 1584 corpore
391 1519 451 1561 suo
490 1495 646 1561 defuncto
684 1494 800 1560 villam
831 1494 1100 1582 Withlegesford
1131 1495 1275 1581 quinque

224 1599 325 1664 bidus
389 1599 456 1664 Sed
485 1599 670 1685 presbyteri
693 1598 751 1684 qui
781 1602 861 1662 tuno
893 1598 1049 1684 temporis
1071 1598 1276 1683 praefuerrmt

225 1702 321 1766 nimis
359 1701 485 1766 incauti
521 1707 636 1789 posteo
665 1701 735 1765 filio
773 1723 839 1778 suo,
872 1700 1038 1787 Wlfgeeto
1076 1703 1276 1786 nuncupato,

227 1807 326 1892 ipsum
354 1811 478 1870 terrum
503 1826 541 1869 eo
567 1811 679 1870 tenore
704 1804 867 1869 dederunt
889 1810 928 1868 ut
948 1808 1023 1890 post
1044 1808 1183 1868 mortem
1206 1803 1276 1888 ejus

227 1907 355 1973 ecclesie
393 1907 514 1972 iterum
551 1929 624 1972 cum
669 1912 742 1972 toto
778 1907 964 1972 substantio
1001 1928 1074 1992 quae
1111 1907 1158 1971 ibi
1196 1910 1278 1970 tunc

228 2016 352 2096 reperta
382 2010 499 2075 fuisset
521 2032 594 2075 eam
617 2010 783 2095 reciperet.
851 2009 916 2074 Sed
954 2009 1024 2075 haec
1061 2009 1195 2074 donatio
1233 2008 1277 2072 ud

229 2114 365 2178 ecclesiae
382 2112 540 2177 damnum
564 2112 665 2198 longo
694 2117 839 2198 tempore
864 2112 1009 2191 durarit,
1024 2112 1147 2177 scilicet
1173 2133 1276 2196 usque

230 2238 289 2301 quo
304 2216 407 2281 abbas
432 2215 621 2301 Ageluuius,
647 2221 792 2301 ternpore
808 2215 912 2280 1111011
936 2214 1127 2279 Ε1(1111111(11
1145 2215 1240 2300 regio,
1257 2236 1278 2276 1

231 2319 367 2405 Wigodo
404 2319 490 2404 regis
528 2318 650 2382 barone
692 2318 792 2404 digno
830 2318 937 2404 pretio
970 2339 1042 2382 11111
1064 2317 1275 2402 comparavit.

232 2421 401 2501 Quendam
425 2425 526 2485 ctiam
549 2421 662 2484 villam
679 2422 812 2485 nomine
836 2419 1114 2506 Mepeldreboreh,
1132 2419 1276 2504 quinque

232 2523 319 2589 hidas
352 2523 539 2599 habentem,
578 2523 641 2608 ipsi
675 2521 860 2608 presbyteri
899 2521 1028 2588 cuidem
1060 2523 1133 2587 viro
1165 2521 1276 2598 nobili,

233 2626 402 2712 Agelmero
424 2626 565 2702 nomine,
590 2625 742 2690 similiter
775 2646 834 2690 suo
872 2625 926 2690 die
956 2630 1191 2702 concesserunt,
1221 2625 1278 2689 sed

234 2729 276 2793 ite
298 2729 422 2815 injuste
443 2749 592 2793 concessa
607 2749 709 2814 usque
733 2727 769 2791 in
796 2727 991 2792 hodiernum
1017 2727 1104 2792 diem
1128 2749 1167 2791 11
1189 2732 1278 2792 caret

234 2832 365 2897 ecclesie
427 2831 499 2895 Hes
526 2838 560 2895 et
592 2830 674 2894 alias
704 2830 745 2895 de
776 2829 827 2894 his
857 2830 953 2896 terris
992 2853 1073 2916 quas
1109 2830 1277 2896 hebebant

234 2933 420 3020 potentibus
461 2931 650 2996 hominibus
688 2932 803 2998 iccirco
842 2934 1005 2998 dederunt
1034 2941 1073 2997 ut
1110 2934 1278 3020 adjutores

234 3036 336 3123 plures
360 3036 531 3114 heberent,
563 3056 604 3098 ne
629 3034 780 3099 monachi
807 3056 861 3099 eos
886 3036 1007 3101 iterum
1038 3059 1080 3101 ex
1111 3037 1170 3102 hoc
1207 3038 1276 3103 loco

233 3139 435 3226 expellerent.
487 3136 560 3214 Sed,
592 3135 656 3201 Dei
683 3137 799 3223 gratie
825 3136 860 3201 in
887 3161 1012 3203 venum
1034 3138 1275 3205 laboraverunt.
1288 3154 1395 3206 Alfhere

234 3240 335 3328 Igitur
351 3241 421 3305 dux
444 3239 585 3315 Alferus,
611 3239 651 3303 de
675 3261 740 3325 quo
763 3241 912 3326 superius
935 3241 1065 3327 praefuti
1095 3264 1216 3323 sumus,
1240 3243 1275 3306 in
1288 3223 1446 3340 ffimmw

232 3343 423 3430 {egritudine
470 3342 679 3421 constitutus
716 3341 755 3405 de
787 3343 860 3407 vitu
893 3364 953 3407 sue
985 3342 1174 3430 desperatus
1217 3351 1274 3411 est.
1288 3357 1436 3419 ruodeger,

233 3447 419 3533 Quaproper
441 3444 575 3508 vocavit
598 3444 641 3508 ad
664 3465 697 3508 sc
721 3445 885 3529 quendam
907 3446 1112 3524 monachum,
1137 3447 1275 3513 Freode-
1289 3422 1401 3472 ΗΜ·

231 3570 343 3635 gerum
375 3547 517 3622 nomine,
540 3547 695 3631 quicum
718 3569 755 3611 eo
788 3548 1052 3626 conversabatur,
1077 3555 1111 3614 11
1134 3549 1225 3615 dedit
1248 3552 1278 3616 ei

231 3652 404 3729 abbatiam,
440 3649 623 3714 Eovesham
656 3649 811 3714 videlicet
843 3657 877 3715 et
900 3651 1085 3729 Uffenham,
1120 3658 1154 3718 et
1199 3653 1280 3719 alios

231 3760 332 3819 terres
366 3753 465 3817 simul
503 3752 724 3838 quadraginta
772 3753 866 3817 hidas
903 3775 984 3838 quas
1022 3756 1090 3842 ipse
1127 3757 1279 3832 1111111111,

232 3855 384 3942 Reliquus
406 3875 485 3918 vero
508 3860 613 3918 terras
636 3854 777 3920 eoclesiae
800 3856 1000 3942 presbyteris
1022 3863 1056 3922 11
1078 3859 1150 3924 aliis
1168 3861 1281 3924 amicis

230 3960 295 4023 suis
327 3958 418 4045 prius
453 3957 597 4021 dederat.
645 3955 711 4021 Sed
743 3958 812 4043 ipse
845 3959 947 4023 abbas
982 3960 1009 4022 F
1011 3961 1205 4047 reodegerus
1238 3962 1280 4025 ed

230 4060 334 4126 locum
357 4061 460 4124 istum
477 4060 672 4145 perveniens
694 4081 797 4145 pauco
819 4064 963 4176 tempore
986 4061 1038 4126 1110
1063 4065 1173 4148 potuit
1194 4084 1281 4128 oom-

229 4164 355 4240 morari,
381 4162 460 4247 quia
483 4160 614 4226 clericos
639 4161 790 4228 fortiores
813 4183 848 4228 se
871 4164 1043 4229 inveniens
1067 4165 1159 4230 nullo
1183 4167 1280 4231 modo

230 4265 335 4330 veluit
357 4286 411 4329 eos
434 4264 510 4327 hino
533 4264 702 4351 expellere.
759 4265 833 4345 Qua
856 4266 898 4330 de
920 4288 955 4330 re
978 4268 1143 4352 quendam
1166 4269 1436 4355 001111-111111π

230 4374 296 4433 tem
320 4368 486 4431 hominem
510 4366 603 4443 odiit,
629 4367 828 4431 Godwinum
852 4369 992 4450 nomine,
1017 4372 1073 4455 qui
1097 4378 1177 4437 tunc
1198 4377 1280 4436 tem-
1294 4337 1438 4466 3⁰th

230 4471 317 4557 poris
351 4477 471 4534 11111111
505 4469 623 4533 habuit
646 4468 829 4535 Γ1011111111
851 4473 1055 4558 appellatam,
1079 4481 1113 4538 et
1136 4475 1327 4584 ⁰bli¹¹¹¹illi
1295 4469 1356 4547 with
1369 4469 1436 4519 God-

230 4573 273 4638 eb
312 4594 350 4638 eo
388 4575 427 4636 ut
465 4576 582 4636 mutuo
616 4571 679 4635 sibi
723 4573 817 4637 daret
854 4574 987 4641 benet
972 4579 1093 4640 terrum
1127 4600 1186 4664 pro
1218 4580 1334 4653 1111Το
1295 4536 1437 4654 wirppepm

231 4674 372 4740 abbatie
418 4674 547 4740 Placuit
569 4679 681 4739 autem
703 4675 739 4739 id
772 4676 910 4762 praefato
942 4679 1091 4765 principi,
1115 4687 1215 4769 atque
1237 4683 1280 4747 ed

233 4799 341 4862 regem
372 4777 606 4853 AEthelredum
636 4777 769 4843 frutrem
800 4779 890 4844 beuti
913 4781 1083 4847 AEdwurdi
1117 4786 1281 4871 martyris,
