3264 5662
419 805 618 859 exsomnes
633 807 788 859 arsurus
804 808 851 858 oa
873 805 1040 860 massan
1213 796 1252 860 19

211 996 384 1053 velationem
414 1014 582 1069 agnoscens,
614 1000 777 1054 convocatis
808 998 946 1054 fratribus
976 1005 1007 1054 et
1035 998 1251 1055 obsecundariis
1273 997 1342 1052 AD.
1355 1001 1411 1053 714.

212 1082 290 1146 meis,
316 1099 470 1138 excessum
492 1083 648 1139 venerandi
669 1084 760 1155 patris
778 1084 821 1138 eis
833 1084 951 1154 aperui;
972 1084 1140 1156 concitoque
1159 1083 1252 1156 gradu

211 1166 244 1222 sd
261 1167 361 1222 locum
379 1167 430 1222 ubi
450 1185 564 1223 sacrum
583 1186 687 1240 corpus
706 1168 769 1239 ejus
785 1169 909 1238 jacebat,
930 1168 1140 1240 quinquaginta
1162 1169 1253 1224 ferme

210 1250 327 1305 milibus
346 1251 425 1308 ultra
442 1251 631 1307 Meldunense
649 1253 872 1308 monasterium¹
891 1253 1018 1323 positum
1036 1252 1148 1318 deveni,
1171 1259 1201 1308 et
1219 1253 1256 1307 ad

211 1335 391 1407 sepulturam
410 1335 515 1390 adduxi
542 1343 571 1391 et
593 1336 749 1392 honorifice
769 1337 900 1407 sepelivi,
923 1337 1061 1392 mandans
1081 1338 1165 1393 utin
1186 1355 1256 1408 quo·

210 1436 321 1490 cunque
347 1419 412 1474 loco
439 1437 553 1475 sacrum
571 1437 675 1490 eorpus
695 1421 727 1473 in
753 1420 947 1491 asportatione
971 1429 1144 1492 pausaverat
1167 1439 1256 1477 sacrae

210 1504 303 1560 erucis
316 1504 502 1574 erigerentur
514 1504 672 1573 signacula.
711 1504 783 1558 Post
794 1522 851 1558 non
863 1504 988 1559 multum
1000 1511 1116 1577 tempus
1128 1506 1256 1561 famosus

210 1606 257 1644 rex
275 1589 398 1644 etmihi
416 1589 575 1660 plurimum
594 1589 715 1654 amicus,
736 1588 900 1653 Kenredus,
920 1596 950 1645 et
968 1588 1032 1644 Offa
1049 1609 1101 1646 rex
1124 1590 1256 1646 Orienta-

210 1673 280 1728 lium
303 1672 480 1744 Anglorum,
507 1671 628 1727 Romam
652 1673 695 1726 ire
720 1672 915 1743 disponentes,
940 1681 1119 1744 rogaverunt
1147 1692 1194 1729 me
1224 1681 1258 1730 ut

210 1775 303 1813 eomes
316 1767 348 1812 et
360 1758 456 1813 socius
475 1757 587 1812 itineris
600 1774 700 1812 eorum
718 1758 882 1814 existerem.
920 1757 1004 1827 Quod
1021 1761 1181 1830 negotium,
1194 1767 1258 1816 tum

211 1845 276 1915 quia
293 1843 413 1898 omuino
437 1860 552 1898 eramus
571 1842 685 1897 obnoxii
703 1843 740 1897 ud
758 1843 892 1908 invicem,
918 1843 1011 1899 libens
1036 1847 1174 1911 concessi,
1194 1853 1257 1902 tum

211 1927 278 1999 quia
289 1934 421 1998 emptum
440 1944 512 1997 opus
531 1926 567 1981 ad
586 1933 715 1997 optatum
728 1927 814 1981 finem
823 1928 886 1998 jam
898 1928 1088 1999 expleveram,
1103 1930 1257 2002 ipsumque

211 2029 279 2085 opus
298 2011 460 2084 apostolica
477 2010 642 2066 confirmari
661 2012 831 2066 auctoritate
855 2012 998 2083 optabam,
1025 2020 1054 2069 et
1081 2013 1116 2067 ab
1139 2014 1203 2086 ipso
1227 2015 1258 2067 in

211 2105 358 2169 posterum
371 2096 466 2150 eidem
479 2096 609 2150 ecclesia
621 2095 815 2149 omnimodam
826 2095 991 2151 libertatem
1002 2096 1039 2150 ab
1057 2098 1257 2170 episcoporum

212 2180 408 2237 exactionibus
428 2180 557 2235 obtinere
576 2179 752 2250 satagebam.
792 2179 924 2244 Volebat,
950 2180 1093 2245 monebat,
1119 2183 1207 2237 etiam
1225 2188 1258 2236 ut

212 2266 240 2322 id
262 2283 451 2339 procurarem
469 2283 520 2320 rex
539 2264 693 2320 Kenredus
712 2265 748 2319 ed
766 2265 850 2336 cnjus
868 2266 923 2320 hoc
941 2267 1134 2338 patrocinium
1156 2269 1257 2323 attine-

212 2351 264 2407 bat
301 2351 402 2421 Igitur
414 2349 536 2404 Romam
554 2349 647 2403 amica
664 2349 777 2404 itineris
797 2350 933 2405 societate
951 2350 1083 2421 profecti,
1104 2351 1140 2406 ad
1157 2352 1259 2406 limina

213 2444 377 2491 nostorum
402 2434 608 2506 Apostolorum
633 2433 852 2488 conscendimus
876 2452 909 2489 uc
927 2434 1038 2489 debitas
1063 2435 1125 2489 Deo
1148 2436 1258 2506 gratias

213 2520 398 2583 exsolvimus,
426 2519 495 2589 quia
519 2525 580 2573 tam
603 2535 655 2572 nos
682 2536 769 2586 quarn
795 2519 891 2572 omnia
914 2525 1013 2573 nostra
1041 2520 1201 2574 incolumes
1229 2526 1259 2574 et

211 2604 327 2674 jocundi
339 2605 477 2658 ieramus.
516 2602 591 2656 Dein
610 2602 747 2656 Romauoe
760 2608 789 2657 et
801 2602 966 2672 apostolicae
979 2603 1090 2673 apicem
1106 2603 1258 2674 dignitatis

212 2689 306 2745 debita
324 2706 393 2743 cum
411 2688 575 2742 reverentia
592 2687 739 2750 adeumes,
760 2704 857 2741 coram
879 2684 956 2756 [οοῖ]
976 2687 1112 2757 ingressi,
1132 2687 1257 2760 benigne

213 2774 278 2828 setis
297 2771 385 2828 etad
402 2779 502 2826 votum
520 2771 609 2825 abeo
627 2771 735 2825 suimus
755 2770 876 2842 excepti.
915 2770 1066 2826 Postulats
1087 2778 1117 2826 et
1140 2781 1258 2844 accepta

214 2874 306 2912 eoram
324 2874 360 2910 eo
378 2855 493 2910 dicendi
511 2855 637 2918 lieentia,
658 2855 771 2910 itineris
790 2862 820 2909 ct
837 2854 944 2909 laboris
963 2857 1054 2910 nostri
1072 2873 1188 2912 eausam
1202 2857 1257 2911 sibi

214 2941 389 3014 spernimus,
404 2940 525 3010 ejusque
544 2939 697 2994 eonsilium
717 2945 746 2994 et
764 2939 904 2993 auxilium
917 2941 1136 3011 exquisivimus.
1165 2942 1257 2997 Audi·

214 3028 304 3081 vimus
331 3031 431 3097 optata
453 3025 629 3094 dignationis
654 3025 718 3093 ejus
749 3041 896 3095 responsa,
922 3030 952 3079 et
978 3043 1012 3079 ex
1036 3025 1167 3081 condicto
1193 3046 1257 3098 quae

214 3110 447 3184 disposueramus
469 3116 536 3163 veta
561 3115 591 3163 et
620 3108 695 3162 dona
719 3108 781 3162 Deo
809 3108 863 3162 sub
884 3109 1049 3163 testimonio
1076 3117 1163 3164 tantae
1190 3129 1256 3164 auc-

215 3197 335 3252 toritatis
362 3194 525 3257 offerentes,
550 3193 720 3248 donavimus
745 3193 806 3247 Deo
834 3199 864 3247 et
892 3193 998 3247 sanetis
1017 3194 1165 3264 Apostolis
1184 3194 1257 3263 Ejus

214 3288 240 3335 et
260 3280 393 3335 eeclesia
418 3278 554 3332 Romanae
580 3278 633 3331 sub
660 3295 748 3331 manu
766 3284 796 3333 et
814 3276 1003 3347 dispositione
1028 3278 1150 3331 Romani
1175 3296 1256 3349 papa

214 3366 374 3420 eoenobium
398 3363 628 3418 Eoveshamense
654 3362 730 3432 quod
755 3369 988 3416 exstruxeramus
1013 3362 1113 3416 multis
1144 3379 1256 3433 posses-

214 3450 339 3504 sionibus
358 3447 546 3518 ampliatum
574 3453 725 3516 totumque
752 3446 878 3500 liberum
902 3462 998 3500 ceram
1017 3446 1079 3499 Deo
1097 3452 1127 3499 et
1145 3448 1256 3502 sanctis

214 3533 359 3606 Apostolis
378 3532 450 3602 Ejus
470 3536 614 3585 eteorum
633 3548 746 3585 summo
765 3530 992 3585 Christianitatis
1005 3530 1139 3601 pontifice
1159 3531 1256 3602 ipsum

214 3619 304 3674 locum
328 3635 393 3672 esse
419 3616 622 3677 concessimus,
650 3615 829 3685 fecimusque
858 3615 1015 3685 apostolica
1039 3622 1068 3669 et
1088 3616 1170 3684 regia
1194 3632 1255 3670 cor-

215 3702 340 3757 roborari
359 3700 531 3755 auctoritate
550 3699 716 3754 donationes
736 3705 766 3753 et
783 3699 938 3770 privilegia
957 3717 1021 3769 qum
1039 3699 1084 3752 illi
1109 3699 1171 3753 loeo
1188 3717 1253 3753 con·

215 3803 399 3841 cesseramus.
439 3783 618 3838 Prasidebat
640 3791 709 3838 tunc
734 3784 870 3838 Romanae
895 3783 957 3838 sedi
981 3783 1156 3838 reverendus
1181 3801 1256 3855 papa

216 3870 434 3932 Constantinus,
462 3869 545 3938 cujus
567 3868 666 3922 literas
694 3882 723 3922 et
744 3868 944 3922 auctoritatem
962 3874 992 3922 et
1010 3868 1254 3922 confirmationem

216 3955 371 4027 superbae
390 3952 541 4007 donatione
560 3959 590 4006 et
606 3951 741 4006 libertate
760 3969 825 4006 cum
844 3951 1033 4022 impressione
1052 3952 1143 4021 ipsius
1163 3951 1254 4021 sigilli

216 4040 412 4111 suscipientes,
427 4036 580 4091 admodum
592 4035 683 4090 loetati
696 4054 804 4091 sumus.
838 4036 894 4089 His
907 4036 949 4090 ita
960 4036 1076 4089 omniuo
1090 4033 1127 4087 ad
1138 4035 1255 4088 libitum

216 4138 343 4180 noenum
352 4122 484 4193 expletis,
494 4122 621 4192 expetita
632 4121 668 4174 ab
680 4120 836 4190 apostolico
847 4120 1054 4183 benedictione,
1065 4136 1177 4173 summo
1189 4137 1255 4173 eum

217 4208 340 4280 tripudio
359 4205 485 4261 reditum
504 4205 647 4275 aggressi,
667 4205 812 4259 arridente
831 4204 913 4259 nobis
932 4203 1009 4258 felici
1030 4203 1153 4266 fortuna,
1174 4221 1254 4273 pros·

219 4295 339 4363 perrimo
367 4310 464 4345 rerum
488 4291 616 4345 omnium
635 4296 798 4344 nostrarum
825 4296 910 4352 statu,
938 4289 968 4342 in
992 4288 1130 4357 Angliam
1149 4306 1249 4342 sumus

221 4378 332 4432 reversi.
354 4375 465 4429 Deinde
478 4383 542 4446 post
554 4392 676 4444 parvum
688 4382 803 4444 tempus
816 4372 990 4426 reversionis
1003 4384 1117 4434 uestrae,
1129 4390 1163 4425 ex
1172 4390 1252 4427 man·
1266 4395 1322 4446 'phe

222 4460 280 4515 dato
299 4460 455 4531 apostolico
468 4461 523 4513 suit
536 4460 697 4529 sapientum
711 4468 868 4511 conventus
882 4459 911 4510 in
924 4457 986 4510 loco
1004 4457 1054 4526 qui
1067 4457 1253 4513 Alneeeastre
1269 4464 1380 4513 Witena·

224 4558 341 4609 vocatur,
363 4557 391 4598 et
411 4544 563 4597 Kenredus
583 4562 632 4596 rex
644 4543 777 4596 omuibus
797 4542 873 4612 (prod
892 4542 990 4595 Romae
1011 4541 1169 4596 feceramus
1182 4545 1254 4597 noti·
1268 4537 1352 4594 80m⁰l
1364 4539 1389 4581 ³⁸

227 4629 320 4694 beavit,
335 4629 417 4684 nobis
431 4629 466 4682 ud
479 4636 615 4683 aeternam
629 4628 848 4681 retributionem
861 4638 890 4680 et
902 4626 1116 4681 suecessoribus
1129 4629 1254 4693 nostris3
1269 4599 1392 4646 Alme*

249 4757 488 4765 ——-———.-.--
502 4757 530 4762 -.-
558 4757 606 4762 -..-
626 4757 643 4762 -.
658 4756 693 4761 -.
707 4756 746 4761 ---
759 4756 857 4761 --.,
898 4755 915 4761 -
1182 4757 1249 4763 ,—

258 4828 263 4854 ¹
274 4825 447 4891 meream]
461 4824 646 4887 mmmterium,
656 4823 712 4875 MS.
767 4822 772 4889 Ι
824 4823 953 4873 ²Inserted
964 4824 998 4887 by
1010 4838 1024 4872 a
1036 4823 1098 4872 later
1104 4823 1183 4954 {aad

1060 4908 1080 4953 B
