<?xml version="1.0" encoding="UTF-8"?>
<!DOCTYPE html PUBLIC "-//W3C//DTD XHTML 1.0 Transitional//EN"
    "http://www.w3.org/TR/xhtml1/DTD/xhtml1-transitional.dtd">
<html xmlns="http://www.w3.org/1999/xhtml" xml:lang="en" lang="en">
 <head>
  <title>
</title>
<meta http-equiv="Content-Type" content="text/html;charset=utf-8" />
  <meta name='ocr-system' content='tesseract 3.04.00' />
  <meta name='ocr-capabilities' content='ocr_page ocr_carea ocr_par ocr_line ocrx_word'/>
</head>
<body>
  <div class='ocr_page' id='page_1' title='image "./chroniconabbati00marlgoog_0256.png"; bbox 0 0 3270 5656; ppageno 0'>
   <div class='ocr_carea' id='block_1_1' title="bbox 422 765 1250 830">
    <p class='ocr_par' dir='ltr' id='par_1_1' title="bbox 422 765 1250 830">
     <span class='ocr_line' id='line_1_1' title="bbox 422 765 1250 830; baseline -0.004 0"><span class='ocrx_word' id='word_1_1' title='bbox 422 780 627 830; x_wconf 81' lang='lat' dir='ltr'>casourcou</span> <span class='ocrx_word' id='word_1_2' title='bbox 642 779 800 829; x_wconf 75' lang='lat' dir='ltr'>ansanus</span> <span class='ocrx_word' id='word_1_3' title='bbox 817 781 864 828; x_wconf 86' lang='lat' dir='ltr'>nn</span> <span class='ocrx_word' id='word_1_4' title='bbox 878 777 1050 829; x_wconf 76' lang='lat' dir='ltr'>nvssam.</span> <span class='ocrx_word' id='word_1_5' title='bbox 1188 765 1250 829; x_wconf 89' lang='lat'>191</span> 
     </span>
    </p>
   </div>
   <div class='ocr_carea' id='block_1_2' title="bbox 200 964 1516 3399">
    <p class='ocr_par' dir='ltr' id='par_1_2' title="bbox 201 964 1423 1156">
     <span class='ocr_line' id='line_1_2' title="bbox 201 964 1423 1053; baseline -0.007 -20"><span class='ocrx_word' id='word_1_6' title='bbox 201 968 342 1053; x_wconf 88' lang='lat' dir='ltr'>scriptio,</span> <span class='ocrx_word' id='word_1_7' title='bbox 383 973 494 1033; x_wconf 83' lang='lat' dir='ltr'>tamen</span> <span class='ocrx_word' id='word_1_8' title='bbox 532 967 624 1032; x_wconf 93' lang='lat' dir='ltr'>dolui</span> <span class='ocrx_word' id='word_1_9' title='bbox 661 967 750 1052; x_wconf 93' lang='lat' dir='ltr'>quod</span> <span class='ocrx_word' id='word_1_10' title='bbox 786 968 835 1032; x_wconf 86' lang='lat' dir='ltr'>its</span> <span class='ocrx_word' id='word_1_11' title='bbox 872 967 1036 1033; x_wconf 81' lang='lat' dir='ltr'>desectum</span> <span class='ocrx_word' id='word_1_12' title='bbox 1073 964 1254 1032; x_wconf 88' lang='lat' dir='ltr'>adversarii</span> <span class='ocrx_word' id='word_1_13' title='bbox 1267 970 1336 1023; x_wconf 73' lang='lat' dir='ltr'>M).</span> <span class='ocrx_word' id='word_1_14' title='bbox 1351 976 1423 1024; x_wconf 81' lang='lat' dir='ltr'>laec.</span> 
     </span>
     <span class='ocr_line' id='line_1_3' title="bbox 201 1069 1255 1156; baseline -0.002 -22"><span class='ocrx_word' id='word_1_15' title='bbox 201 1071 305 1135; x_wconf 78' lang='lat' dir='ltr'><strong>nostri</strong></span> <span class='ocrx_word' id='word_1_16' title='bbox 329 1070 504 1156; x_wconf 81' lang='lat' dir='ltr'>suppleret,</span> <span class='ocrx_word' id='word_1_17' title='bbox 521 1075 556 1135; x_wconf 91' lang='lat' dir='ltr'>et</span> <span class='ocrx_word' id='word_1_18' title='bbox 578 1091 646 1134; x_wconf 91' lang='lat' dir='ltr'>non</span> <span class='ocrx_word' id='word_1_19' title='bbox 668 1075 784 1154; x_wconf 89' lang='lat' dir='ltr'>potens</span> <span class='ocrx_word' id='word_1_20' title='bbox 802 1069 952 1134; x_wconf 82' lang='lat' dir='ltr'>cohibere</span> <span class='ocrx_word' id='word_1_21' title='bbox 970 1069 1117 1155; x_wconf 85' lang='lat' dir='ltr'>linguam</span> <span class='ocrx_word' id='word_1_22' title='bbox 1139 1089 1255 1146; x_wconf 90' lang='lat' dir='ltr'>meam,</span> 
     </span>
    </p>

    <p class='ocr_par' dir='ltr' id='par_1_3' title="bbox 201 1170 1254 1259">
     <span class='ocr_line' id='line_1_4' title="bbox 201 1170 1254 1259; baseline -0.004 -21"><span class='ocrx_word' id='word_1_23' title='bbox 201 1194 266 1259; x_wconf 76' lang='lat' dir='ltr'>pras</span> <span class='ocrx_word' id='word_1_24' title='bbox 290 1172 439 1249; x_wconf 89' lang='lat' dir='ltr'>tristitia,</span> <span class='ocrx_word' id='word_1_25' title='bbox 463 1171 543 1250; x_wconf 84' lang='lat' dir='ltr'>dixi,</span> <span class='ocrx_word' id='word_1_26' title='bbox 563 1180 582 1206; x_wconf 88' lang='lat'><strong>“</strong></span> <span class='ocrx_word' id='word_1_27' title='bbox 594 1171 693 1237; x_wconf 86' lang='lat' dir='ltr'>Pater</span> <span class='ocrx_word' id='word_1_28' title='bbox 714 1175 834 1250; x_wconf 87' lang='lat' dir='ltr'>sancte,</span> <span class='ocrx_word' id='word_1_29' title='bbox 857 1172 894 1235; x_wconf 92' lang='lat' dir='ltr'>in</span> <span class='ocrx_word' id='word_1_30' title='bbox 916 1170 1123 1257; x_wconf 91' lang='lat' dir='ltr'>plenitudine</span> <span class='ocrx_word' id='word_1_31' title='bbox 1147 1175 1254 1256; x_wconf 52' lang='lat' dir='ltr'>potsse</span> 
     </span>
    </p>

    <p class='ocr_par' dir='ltr' id='par_1_4' title="bbox 202 1271 1256 1352">
     <span class='ocr_line' id='line_1_5' title="bbox 202 1271 1256 1352; baseline -0.004 -13"><span class='ocrx_word' id='word_1_32' title='bbox 202 1275 322 1339; x_wconf 88' lang='lat' dir='ltr'>“tatis</span> <span class='ocrx_word' id='word_1_33' title='bbox 358 1275 467 1339; x_wconf 84' lang='lat' dir='ltr'>vocati</span> <span class='ocrx_word' id='word_1_34' title='bbox 501 1273 588 1352; x_wconf 86' lang='lat' dir='ltr'>estis,</span> <span class='ocrx_word' id='word_1_35' title='bbox 613 1278 647 1338; x_wconf 89' lang='lat' dir='ltr'>et</span> <span class='ocrx_word' id='word_1_36' title='bbox 682 1273 756 1338; x_wconf 93' lang='lat' dir='ltr'>ideo</span> <span class='ocrx_word' id='word_1_37' title='bbox 791 1273 902 1339; x_wconf 85' lang='lat' dir='ltr'>omnis</span> <span class='ocrx_word' id='word_1_38' title='bbox 934 1274 1035 1338; x_wconf 91' lang='lat' dir='ltr'>licent</span> <span class='ocrx_word' id='word_1_39' title='bbox 1069 1271 1172 1350; x_wconf 76' lang='lat' dir='ltr'>vobiS,</span> <span class='ocrx_word' id='word_1_40' title='bbox 1199 1271 1256 1336; x_wconf 88' lang='lat' dir='ltr'>sed</span> 
     </span>
    </p>

    <p class='ocr_par' dir='ltr' id='par_1_5' title="bbox 203 1374 1257 1462">
     <span class='ocr_line' id='line_1_6' title="bbox 203 1374 1257 1462; baseline -0.004 -21"><span class='ocrx_word' id='word_1_41' title='bbox 203 1384 219 1410; x_wconf 90' lang='lat'>“</span> <span class='ocrx_word' id='word_1_42' title='bbox 241 1377 424 1442; x_wconf 87' lang='lat' dir='ltr'>seeundum</span> <span class='ocrx_word' id='word_1_43' title='bbox 453 1375 533 1462; x_wconf 85' lang='lat' dir='ltr'>jura</span> <span class='ocrx_word' id='word_1_44' title='bbox 567 1375 678 1440; x_wconf 86' lang='lat' dir='ltr'>civilis</span> <span class='ocrx_word' id='word_1_45' title='bbox 707 1375 781 1440; x_wconf 87' lang='lat' dir='ltr'>aliis</span> <span class='ocrx_word' id='word_1_46' title='bbox 810 1375 979 1461; x_wconf 87' lang='lat' dir='ltr'>judicibus</span> <span class='ocrx_word' id='word_1_47' title='bbox 1009 1396 1077 1440; x_wconf 94' lang='lat' dir='ltr'>non</span> <span class='ocrx_word' id='word_1_48' title='bbox 1107 1374 1185 1438; x_wconf 92' lang='lat' dir='ltr'>licet</span> <span class='ocrx_word' id='word_1_49' title='bbox 1215 1374 1257 1438; x_wconf 90' lang='lat' dir='ltr'>de</span> 
     </span>
    </p>

    <p class='ocr_par' dir='ltr' id='par_1_6' title="bbox 203 1475 1257 1564">
     <span class='ocr_line' id='line_1_7' title="bbox 203 1475 1257 1564; baseline -0.005 -22"><span class='ocrx_word' id='word_1_50' title='bbox 203 1486 219 1513; x_wconf 89' lang='lat'><em>“</em></span> <span class='ocrx_word' id='word_1_51' title='bbox 240 1479 293 1542; x_wconf 89' lang='lat' dir='ltr'>his</span> <span class='ocrx_word' id='word_1_52' title='bbox 332 1501 406 1563; x_wconf 85' lang='lat' dir='ltr'>quas</span> <span class='ocrx_word' id='word_1_53' title='bbox 440 1478 562 1542; x_wconf 80' lang='lat' dir='ltr'>desunt</span> <span class='ocrx_word' id='word_1_54' title='bbox 592 1478 763 1542; x_wconf 88' lang='lat' dir='ltr'>advocatis</span> <span class='ocrx_word' id='word_1_55' title='bbox 800 1477 950 1564; x_wconf 88' lang='lat' dir='ltr'>supplere</span> <span class='ocrx_word' id='word_1_56' title='bbox 988 1476 1028 1541; x_wconf 93' lang='lat' dir='ltr'>de</span> <span class='ocrx_word' id='word_1_57' title='bbox 1059 1476 1156 1554; x_wconf 81' lang='lat' dir='ltr'>sacto,</span> <span class='ocrx_word' id='word_1_58' title='bbox 1191 1475 1257 1538; x_wconf 87' lang='lat' dir='ltr'>nisi</span> 
     </span>
    </p>

    <p class='ocr_par' dir='ltr' id='par_1_7' title="bbox 201 1578 1258 1768">
     <span class='ocr_line' id='line_1_8' title="bbox 201 1578 1255 1666; baseline -0.004 -21"><span class='ocrx_word' id='word_1_59' title='bbox 201 1586 218 1615; x_wconf 86' lang='lat'><em>“</em></span> <span class='ocrx_word' id='word_1_60' title='bbox 238 1586 373 1645; x_wconf 83' lang='lat' dir='ltr'>tanturn</span> <span class='ocrx_word' id='word_1_61' title='bbox 396 1580 437 1644; x_wconf 93' lang='lat' dir='ltr'>de</span> <span class='ocrx_word' id='word_1_62' title='bbox 455 1578 560 1666; x_wconf 88' lang='lat' dir='ltr'>jure.”</span> <span class='ocrx_word' id='word_1_63' title='bbox 606 1579 652 1643; x_wconf 89' lang='lat' dir='ltr'>Et</span> <span class='ocrx_word' id='word_1_64' title='bbox 685 1579 838 1644; x_wconf 89' lang='lat' dir='ltr'>dominus</span> <span class='ocrx_word' id='word_1_65' title='bbox 869 1600 962 1665; x_wconf 88' lang='lat' dir='ltr'>papa,</span> <span class='ocrx_word' id='word_1_66' title='bbox 986 1578 1153 1642; x_wconf 85' lang='lat' dir='ltr'>“Falsum</span> <span class='ocrx_word' id='word_1_67' title='bbox 1184 1581 1255 1655; x_wconf 91' lang='lat' dir='ltr'>est;</span> 
     </span>
     <span class='ocr_line' id='line_1_9' title="bbox 202 1676 1258 1768; baseline -0.004 -22"><span class='ocrx_word' id='word_1_68' title='bbox 202 1683 343 1748; x_wconf 77' lang='lat' dir='ltr'>“immo</span> <span class='ocrx_word' id='word_1_69' title='bbox 367 1683 464 1747; x_wconf 91' lang='lat' dir='ltr'>etde</span> <span class='ocrx_word' id='word_1_70' title='bbox 494 1682 582 1747; x_wconf 87' lang='lat' dir='ltr'>faeto</span> <span class='ocrx_word' id='word_1_71' title='bbox 613 1685 648 1747; x_wconf 90' lang='lat' dir='ltr'>et</span> <span class='ocrx_word' id='word_1_72' title='bbox 677 1681 719 1745; x_wconf 91' lang='lat' dir='ltr'>de</span> <span class='ocrx_word' id='word_1_73' title='bbox 744 1681 820 1768; x_wconf 90' lang='lat' dir='ltr'>jure</span> <span class='ocrx_word' id='word_1_74' title='bbox 842 1681 920 1746; x_wconf 87' lang='lat' dir='ltr'>licet</span> <span class='ocrx_word' id='word_1_75' title='bbox 945 1681 1054 1768; x_wconf 88' lang='lat' dir='ltr'>judici</span> <span class='ocrx_word' id='word_1_76' title='bbox 1076 1676 1258 1766; x_wconf 85' lang='lat' dir='ltr'>supplere.”</span> 
     </span>
    </p>

    <p class='ocr_par' dir='ltr' id='par_1_8' title="bbox 200 1783 1516 3399">
     <span class='ocr_line' id='line_1_10' title="bbox 202 1783 1409 1870; baseline -0.002 -22"><span class='ocrx_word' id='word_1_77' title='bbox 202 1784 244 1849; x_wconf 83' lang='lat' dir='ltr'>Et</span> <span class='ocrx_word' id='word_1_78' title='bbox 274 1784 458 1870; x_wconf 88' lang='lat' dir='ltr'>compescui</span> <span class='ocrx_word' id='word_1_79' title='bbox 488 1783 576 1848; x_wconf 89' lang='lat' dir='ltr'>labia</span> <span class='ocrx_word' id='word_1_80' title='bbox 607 1806 688 1865; x_wconf 86' lang='lat' dir='ltr'>mea,</span> <span class='ocrx_word' id='word_1_81' title='bbox 712 1783 863 1869; x_wconf 85' lang='lat' dir='ltr'>quamvis</span> <span class='ocrx_word' id='word_1_82' title='bbox 886 1783 1043 1849; x_wconf 77' lang='lat' dir='ltr'><strong>sentirem</strong></span> <span class='ocrx_word' id='word_1_83' title='bbox 1065 1805 1118 1849; x_wconf 91' lang='lat' dir='ltr'>me</span> <span class='ocrx_word' id='word_1_84' title='bbox 1140 1803 1257 1870; x_wconf 78' lang='lat' dir='ltr'>grava-</span> <span class='ocrx_word' id='word_1_85' title='bbox 1269 1803 1409 1869; x_wconf 61' lang='lat' dir='ltr'>Tuoque.</span> 
     </span>
     <span class='ocr_line' id='line_1_11' title="bbox 201 1871 1425 1988; baseline -0.002 -38"><span class='ocrx_word' id='word_1_86' title='bbox 201 1891 280 1962; x_wconf 88' lang='lat' dir='ltr'>tum,</span> <span class='ocrx_word' id='word_1_87' title='bbox 303 1887 382 1971; x_wconf 87' lang='lat' dir='ltr'>quis</span> <span class='ocrx_word' id='word_1_88' title='bbox 404 1885 469 1950; x_wconf 92' lang='lat' dir='ltr'>nisi</span> <span class='ocrx_word' id='word_1_89' title='bbox 492 1885 645 1950; x_wconf 90' lang='lat' dir='ltr'>dominus</span> <span class='ocrx_word' id='word_1_90' title='bbox 666 1907 753 1972; x_wconf 89' lang='lat' dir='ltr'>papa</span> <span class='ocrx_word' id='word_1_91' title='bbox 779 1886 821 1951; x_wconf 91' lang='lat' dir='ltr'>de</span> <span class='ocrx_word' id='word_1_92' title='bbox 847 1885 934 1951; x_wconf 81' lang='lat' dir='ltr'>facto</span> <span class='ocrx_word' id='word_1_93' title='bbox 957 1887 1006 1952; x_wconf 87' lang='lat' dir='ltr'>its</span> <span class='ocrx_word' id='word_1_94' title='bbox 1028 1885 1256 1972; x_wconf 75' lang='lat' dir='ltr'>supplevisset,</span> <span class='ocrx_word' id='word_1_95' title='bbox 1269 1871 1425 1988; x_wconf 51' lang='lat' dir='ltr'>ffibbirm&#39;</span> 
     </span>
     <span class='ocr_line' id='line_1_12' title="bbox 201 1953 1416 2073; baseline 0.002 -20"><span class='ocrx_word' id='word_1_96' title='bbox 201 1987 480 2073; x_wconf 69' lang='lat' dir='ltr'>praescriptionem</span> <span class='ocrx_word' id='word_1_97' title='bbox 506 1987 575 2052; x_wconf 90' lang='lat' dir='ltr'>tuti</span> <span class='ocrx_word' id='word_1_98' title='bbox 598 1987 668 2053; x_wconf 90' lang='lat' dir='ltr'>sine</span> <span class='ocrx_word' id='word_1_99' title='bbox 691 1987 793 2053; x_wconf 92' lang='lat' dir='ltr'>dubio</span> <span class='ocrx_word' id='word_1_100' title='bbox 813 1988 849 2052; x_wconf 91' lang='lat' dir='ltr'>in</span> <span class='ocrx_word' id='word_1_101' title='bbox 873 2010 971 2053; x_wconf 86' lang='lat' dir='ltr'>causa</span> <span class='ocrx_word' id='word_1_102' title='bbox 993 1953 1416 2056; x_wconf 70' lang='lat' dir='ltr'>obtinuissemus.refeiredto</span> 
     </span>
     <span class='ocr_line' id='line_1_13' title="bbox 202 2071 1415 2188; baseline -0.001 -35"><span class='ocrx_word' id='word_1_103' title='bbox 202 2089 290 2153; x_wconf 84' lang='lat' dir='ltr'>Tune</span> <span class='ocrx_word' id='word_1_104' title='bbox 313 2090 471 2176; x_wconf 87' lang='lat' dir='ltr'>praecepit</span> <span class='ocrx_word' id='word_1_105' title='bbox 494 2089 648 2154; x_wconf 87' lang='lat' dir='ltr'>dominus</span> <span class='ocrx_word' id='word_1_106' title='bbox 668 2111 753 2176; x_wconf 86' lang='lat' dir='ltr'>pape</span> <span class='ocrx_word' id='word_1_107' title='bbox 773 2089 860 2175; x_wconf 90' lang='lat' dir='ltr'>quod</span> <span class='ocrx_word' id='word_1_108' title='bbox 882 2090 1111 2167; x_wconf 88' lang='lat' dir='ltr'>recederemus,</span> <span class='ocrx_word' id='word_1_109' title='bbox 1129 2094 1164 2154; x_wconf 92' lang='lat' dir='ltr'>et</span> <span class='ocrx_word' id='word_1_110' title='bbox 1182 2093 1258 2176; x_wconf 92' lang='lat' dir='ltr'>post</span> <span class='ocrx_word' id='word_1_111' title='bbox 1269 2071 1415 2188; x_wconf 45' lang='lat' dir='ltr'>{352⁸}OE</span> 
     </span>
     <span class='ocr_line' id='line_1_14' title="bbox 202 2191 1399 2281; baseline -0.001 -26"><span class='ocrx_word' id='word_1_112' title='bbox 202 2213 319 2278; x_wconf 86' lang='lat' dir='ltr'>paucos</span> <span class='ocrx_word' id='word_1_113' title='bbox 354 2192 424 2256; x_wconf 90' lang='lat' dir='ltr'>dies</span> <span class='ocrx_word' id='word_1_114' title='bbox 459 2192 551 2257; x_wconf 89' lang='lat' dir='ltr'>dedit</span> <span class='ocrx_word' id='word_1_115' title='bbox 585 2191 680 2257; x_wconf 91' lang='lat' dir='ltr'>nobis</span> <span class='ocrx_word' id='word_1_116' title='bbox 712 2192 882 2257; x_wconf 91' lang='lat' dir='ltr'>dominum</span> <span class='ocrx_word' id='word_1_117' title='bbox 917 2191 1056 2257; x_wconf 83' lang='lat' dir='ltr'>Gualam</span> <span class='ocrx_word' id='word_1_118' title='bbox 1083 2192 1257 2257; x_wconf 83' lang='lat' dir='ltr'>dissonum</span> <span class='ocrx_word' id='word_1_119' title='bbox 1270 2203 1399 2281; x_wconf 66' lang='lat' dir='ltr'>emmim-</span> 
     </span>
     <span class='ocr_line' id='line_1_15' title="bbox 202 2276 1346 2399; baseline 0.001 -41"><span class='ocrx_word' id='word_1_120' title='bbox 202 2293 408 2372; x_wconf 80' lang='lat' dir='ltr'>esrdinslem</span> <span class='ocrx_word' id='word_1_121' title='bbox 432 2293 521 2359; x_wconf 88' lang='lat' dir='ltr'>inter</span> <span class='ocrx_word' id='word_1_122' title='bbox 543 2294 724 2359; x_wconf 77' lang='lat' dir='ltr'>cardinales</span> <span class='ocrx_word' id='word_1_123' title='bbox 749 2294 785 2358; x_wconf 92' lang='lat' dir='ltr'>in</span> <span class='ocrx_word' id='word_1_124' title='bbox 804 2295 879 2380; x_wconf 91' lang='lat' dir='ltr'>jure</span> <span class='ocrx_word' id='word_1_125' title='bbox 902 2295 991 2360; x_wconf 85' lang='lat' dir='ltr'>civili</span> <span class='ocrx_word' id='word_1_126' title='bbox 1012 2276 1346 2399; x_wconf 44' lang='lat' dir='ltr'>peritissimumfjp‘gzr</span> 
     </span>
     <span class='ocr_line' id='line_1_16' title="bbox 202 2364 1426 2482; baseline -0.004 -21"><span class='ocrx_word' id='word_1_127' title='bbox 202 2418 297 2482; x_wconf 89' lang='lat' dir='ltr'>super</span> <span class='ocrx_word' id='word_1_128' title='bbox 318 2397 616 2482; x_wconf 87' lang='lat' dir='ltr'>interruptionibus</span> <span class='ocrx_word' id='word_1_129' title='bbox 638 2397 893 2482; x_wconf 72' lang='lat' dir='ltr'>praescriptionis</span> <span class='ocrx_word' id='word_1_130' title='bbox 915 2401 1035 2462; x_wconf 83' lang='lat' dir='ltr'>nostres</span> <span class='ocrx_word' id='word_1_131' title='bbox 1065 2397 1257 2461; x_wconf 76' lang='lat' dir='ltr'>auditorem</span> <span class='ocrx_word' id='word_1_132' title='bbox 1271 2364 1426 2479; x_wconf 49' lang='lat' dir='ltr'>syrii?</span> 
     </span>
     <span class='ocr_line' id='line_1_17' title="bbox 203 2482 1413 2598; baseline 0.002 -37"><span class='ocrx_word' id='word_1_133' title='bbox 203 2496 242 2561; x_wconf 94' lang='lat' dir='ltr'>In</span> <span class='ocrx_word' id='word_1_134' title='bbox 265 2520 332 2582; x_wconf 88' lang='lat' dir='ltr'>qus</span> <span class='ocrx_word' id='word_1_135' title='bbox 355 2520 453 2563; x_wconf 84' lang='lat' dir='ltr'>causa</span> <span class='ocrx_word' id='word_1_136' title='bbox 474 2499 557 2563; x_wconf 92' lang='lat' dir='ltr'>bene</span> <span class='ocrx_word' id='word_1_137' title='bbox 581 2498 691 2562; x_wconf 88' lang='lat' dir='ltr'>astitit</span> <span class='ocrx_word' id='word_1_138' title='bbox 712 2498 796 2562; x_wconf 90' lang='lat' dir='ltr'>mihi</span> <span class='ocrx_word' id='word_1_139' title='bbox 826 2499 982 2585; x_wconf 78' lang='lat' dir='ltr'>magister</span> <span class='ocrx_word' id='word_1_140' title='bbox 1004 2498 1114 2562; x_wconf 87' lang='lat' dir='ltr'>Adam</span> <span class='ocrx_word' id='word_1_141' title='bbox 1145 2498 1258 2563; x_wconf 82' lang='lat' dir='ltr'>Sortes</span> <span class='ocrx_word' id='word_1_142' title='bbox 1270 2482 1413 2598; x_wconf 52' lang='lat' dir='ltr'>{⁸⁶⁰ffibe&#39;</span> 
     </span>
     <span class='ocr_line' id='line_1_18' title="bbox 203 2563 1390 2687; baseline 0.001 -24"><span class='ocrx_word' id='word_1_143' title='bbox 203 2600 278 2685; x_wconf 84' lang='lat' dir='ltr'>qnia</span> <span class='ocrx_word' id='word_1_144' title='bbox 315 2600 352 2664; x_wconf 90' lang='lat' dir='ltr'>in</span> <span class='ocrx_word' id='word_1_145' title='bbox 391 2600 662 2684; x_wconf 86' lang='lat' dir='ltr'>attestationibus</span> <span class='ocrx_word' id='word_1_146' title='bbox 694 2604 766 2665; x_wconf 86' lang='lat' dir='ltr'>erat</span> <span class='ocrx_word' id='word_1_147' title='bbox 798 2601 894 2666; x_wconf 83' lang='lat' dir='ltr'>valde</span> <span class='ocrx_word' id='word_1_148' title='bbox 929 2594 1112 2687; x_wconf 76' lang='lat' dir='ltr'>expeditus,</span> <span class='ocrx_word' id='word_1_149' title='bbox 1150 2599 1258 2665; x_wconf 90' lang='lat' dir='ltr'>veluti</span> <span class='ocrx_word' id='word_1_150' title='bbox 1271 2563 1390 2676; x_wconf 60' lang='lat' dir='ltr'>dibiad,</span> 
     </span>
     <span class='ocr_line' id='line_1_19' title="bbox 204 2682 1416 2812; baseline 0.002 -47"><span class='ocrx_word' id='word_1_151' title='bbox 204 2702 257 2786; x_wconf 92' lang='lat' dir='ltr'>qui</span> <span class='ocrx_word' id='word_1_152' title='bbox 281 2701 480 2767; x_wconf 76' lang='lat' dir='ltr'>interfuerat</span> <span class='ocrx_word' id='word_1_153' title='bbox 508 2703 545 2766; x_wconf 93' lang='lat' dir='ltr'>in</span> <span class='ocrx_word' id='word_1_154' title='bbox 567 2702 693 2789; x_wconf 85' lang='lat' dir='ltr'>Anglia</span> <span class='ocrx_word' id='word_1_155' title='bbox 715 2703 934 2790; x_wconf 83' lang='lat' dir='ltr'>disputationi</span> <span class='ocrx_word' id='word_1_156' title='bbox 957 2726 1054 2790; x_wconf 87' lang='lat' dir='ltr'>super</span> <span class='ocrx_word' id='word_1_157' title='bbox 1077 2701 1199 2769; x_wconf 88' lang='lat' dir='ltr'>eisdem</span> <span class='ocrx_word' id='word_1_158' title='bbox 1221 2703 1256 2767; x_wconf 95' lang='lat' dir='ltr'>in</span> <span class='ocrx_word' id='word_1_159' title='bbox 1269 2682 1416 2812; x_wconf 53' lang='lat' dir='ltr'>ffiffl⁸</span> 
     </span>
     <span class='ocr_line' id='line_1_20' title="bbox 200 2802 1388 2892; baseline 0.003 -25"><span class='ocrx_word' id='word_1_160' title='bbox 200 2802 323 2886; x_wconf 85' lang='lat' dir='ltr'>judicio</span> <span class='ocrx_word' id='word_1_161' title='bbox 346 2805 548 2889; x_wconf 85' lang='lat' dir='ltr'>possessorio.</span> <span class='ocrx_word' id='word_1_162' title='bbox 596 2803 706 2884; x_wconf 79' lang='lat' dir='ltr'>Quum</span> <span class='ocrx_word' id='word_1_163' title='bbox 729 2826 807 2870; x_wconf 87' lang='lat' dir='ltr'>vero</span> <span class='ocrx_word' id='word_1_164' title='bbox 830 2827 889 2892; x_wconf 91' lang='lat' dir='ltr'>per</span> <span class='ocrx_word' id='word_1_165' title='bbox 910 2806 1033 2871; x_wconf 91' lang='lat' dir='ltr'>multos</span> <span class='ocrx_word' id='word_1_166' title='bbox 1056 2806 1126 2872; x_wconf 87' lang='lat' dir='ltr'>dies</span> <span class='ocrx_word' id='word_1_167' title='bbox 1148 2828 1257 2873; x_wconf 86' lang='lat' dir='ltr'>coram</span> <span class='ocrx_word' id='word_1_168' title='bbox 1269 2815 1388 2892; x_wconf 69' lang='lat' dir='ltr'>ferento</span> 
     </span>
     <span class='ocr_line' id='line_1_21' title="bbox 205 2881 1427 3012; baseline 0.004 -42"><span class='ocrx_word' id='word_1_169' title='bbox 205 2906 358 2990; x_wconf 87' lang='lat' dir='ltr'>praedicto</span> <span class='ocrx_word' id='word_1_170' title='bbox 394 2904 548 2971; x_wconf 88' lang='lat' dir='ltr'>auctore¹</span> <span class='ocrx_word' id='word_1_171' title='bbox 588 2906 817 2992; x_wconf 85' lang='lat' dir='ltr'>litigassemus‚</span> <span class='ocrx_word' id='word_1_172' title='bbox 852 2908 998 2974; x_wconf 83' lang='lat' dir='ltr'>inventae</span> <span class='ocrx_word' id='word_1_173' title='bbox 1032 2915 1111 2974; x_wconf 90' lang='lat' dir='ltr'>sunt</span> <span class='ocrx_word' id='word_1_174' title='bbox 1142 2881 1427 3012; x_wconf 56' lang='lat' dir='ltr'>multaessl⁰ssb1¹y⁸¹22¹3⁸</span> 
     </span>
     <span class='ocr_line' id='line_1_22' title="bbox 205 3003 1408 3094; baseline 0.006 -24"><span class='ocrx_word' id='word_1_175' title='bbox 205 3003 460 3094; x_wconf 86' lang='lat' dir='ltr'>interruptiones</span> <span class='ocrx_word' id='word_1_176' title='bbox 482 3009 740 3094; x_wconf 85' lang='lat' dir='ltr'>praescriptionis</span> <span class='ocrx_word' id='word_1_177' title='bbox 770 3015 891 3076; x_wconf 83' lang='lat' dir='ltr'>nostras</span> <span class='ocrx_word' id='word_1_178' title='bbox 922 3012 958 3074; x_wconf 92' lang='lat' dir='ltr'>in</span> <span class='ocrx_word' id='word_1_179' title='bbox 988 3013 1258 3077; x_wconf 87' lang='lat' dir='ltr'>attestationibus</span> <span class='ocrx_word' id='word_1_180' title='bbox 1271 3014 1408 3065; x_wconf 74' lang='lat' dir='ltr'>Roeheeter</span> 
     </span>
     <span class='ocr_line' id='line_1_23' title="bbox 205 3080 1414 3211; baseline 0.005 -38"><span class='ocrx_word' id='word_1_181' title='bbox 205 3111 330 3190; x_wconf 84' lang='lat' dir='ltr'>nustria,</span> <span class='ocrx_word' id='word_1_182' title='bbox 356 3116 391 3174; x_wconf 91' lang='lat' dir='ltr'>et</span> <span class='ocrx_word' id='word_1_183' title='bbox 414 3111 544 3197; x_wconf 87' lang='lat' dir='ltr'>scriptis</span> <span class='ocrx_word' id='word_1_184' title='bbox 566 3110 817 3197; x_wconf 75' lang='lat' dir='ltr'>allegationibus</span> <span class='ocrx_word' id='word_1_185' title='bbox 840 3113 1012 3198; x_wconf 89' lang='lat' dir='ltr'>utriusque</span> <span class='ocrx_word' id='word_1_186' title='bbox 1034 3115 1139 3200; x_wconf 86' lang='lat' dir='ltr'>partis</span> <span class='ocrx_word' id='word_1_187' title='bbox 1161 3136 1259 3200; x_wconf 90' lang='lat' dir='ltr'>super</span> <span class='ocrx_word' id='word_1_188' title='bbox 1271 3081 1325 3195; x_wconf 47' lang='lat'>{¹1¹3</span> <span class='ocrx_word' id='word_1_189' title='bbox 1333 3080 1414 3211; x_wconf 50' lang='lat' dir='ltr'>{appe</span> 
     </span>
     <span class='ocr_line' id='line_1_24' title="bbox 206 3212 1516 3301; baseline 0.002 -26"><span class='ocrx_word' id='word_1_190' title='bbox 206 3212 322 3277; x_wconf 89' lang='lat' dir='ltr'>eisdem</span> <span class='ocrx_word' id='word_1_191' title='bbox 362 3219 396 3276; x_wconf 91' lang='lat' dir='ltr'>et</span> <span class='ocrx_word' id='word_1_192' title='bbox 438 3213 526 3277; x_wconf 86' lang='lat' dir='ltr'>facts</span> <span class='ocrx_word' id='word_1_193' title='bbox 563 3213 720 3279; x_wconf 82' lang='lat' dir='ltr'>relatione</span> <span class='ocrx_word' id='word_1_194' title='bbox 758 3214 801 3278; x_wconf 85' lang='lat' dir='ltr'>ad</span> <span class='ocrx_word' id='word_1_195' title='bbox 840 3213 1011 3279; x_wconf 90' lang='lat' dir='ltr'>dominum</span> <span class='ocrx_word' id='word_1_196' title='bbox 1042 3237 1170 3300; x_wconf 86' lang='lat' dir='ltr'>papam,</span> <span class='ocrx_word' id='word_1_197' title='bbox 1200 3237 1258 3301; x_wconf 88' lang='lat' dir='ltr'>per</span> <span class='ocrx_word' id='word_1_198' title='bbox 1272 3212 1421 3278; x_wconf 56' lang='lat' dir='ltr'>Saniorum,</span> <span class='ocrx_word' id='word_1_199' title='bbox 1514 3255 1516 3261; x_wconf 92' lang='lat'>·</span> 
     </span>
     <span class='ocr_line' id='line_1_25' title="bbox 206 3279 1395 3399; baseline 0.005 -23"><span class='ocrx_word' id='word_1_200' title='bbox 206 3313 303 3399; x_wconf 88' lang='lat' dir='ltr'>ipsius</span> <span class='ocrx_word' id='word_1_201' title='bbox 339 3314 625 3379; x_wconf 84' lang='lat' dir='ltr'>interlocutionem</span> <span class='ocrx_word' id='word_1_202' title='bbox 664 3315 750 3382; x_wconf 89' lang='lat' dir='ltr'>datas</span> <span class='ocrx_word' id='word_1_203' title='bbox 788 3322 868 3382; x_wconf 92' lang='lat' dir='ltr'>sunt</span> <span class='ocrx_word' id='word_1_204' title='bbox 901 3317 997 3382; x_wconf 91' lang='lat' dir='ltr'>nobis</span> <span class='ocrx_word' id='word_1_205' title='bbox 1030 3316 1137 3383; x_wconf 89' lang='lat' dir='ltr'>literae</span> <span class='ocrx_word' id='word_1_206' title='bbox 1171 3339 1256 3382; x_wconf 88' lang='lat' dir='ltr'>oom-</span> <span class='ocrx_word' id='word_1_207' title='bbox 1270 3279 1395 3394; x_wconf 48' lang='lat' dir='ltr'>ffirppf</span> 
     </span>
    </p>
   </div>
   <div class='ocr_carea' id='block_1_3' title="bbox 206 3412 1427 3483">
    <p class='ocr_par' dir='ltr' id='par_1_9' title="bbox 206 3412 1427 3483">
     <span class='ocr_line' id='line_1_26' title="bbox 206 3412 1427 3483; baseline -0.011 -3"><span class='ocrx_word' id='word_1_208' title='bbox 206 3438 317 3481; x_wconf 86' lang='lat' dir='ltr'>munes</span> <span class='ocrx_word' id='word_1_209' title='bbox 341 3417 402 3481; x_wconf 90' lang='lat' dir='ltr'>sub</span> <span class='ocrx_word' id='word_1_210' title='bbox 426 3417 487 3483; x_wconf 77' lang='lat' dir='ltr'>hes</span> <span class='ocrx_word' id='word_1_211' title='bbox 508 3417 681 3482; x_wconf 80' lang='lat' dir='ltr'>sormaz-</span> <span class='ocrx_word' id='word_1_212' title='bbox 1270 3412 1427 3461; x_wconf 78' lang='lat' dir='ltr'>³Feb·1206.</span> 
     </span>
    </p>
   </div>
   <div class='ocr_carea' id='block_1_4' title="bbox 208 3700 1259 3874">
    <p class='ocr_par' dir='ltr' id='par_1_10' title="bbox 208 3700 1259 3874">
     <span class='ocr_line' id='line_1_27' title="bbox 208 3700 1259 3872; baseline 0.004 -106"><span class='ocrx_word' id='word_1_213' title='bbox 208 3700 331 3770; x_wconf 75' lang='lat' dir='ltr'>Formo</span> <span class='ocrx_word' id='word_1_214' title='bbox 369 3701 554 3770; x_wconf 78' lang='lat' dir='ltr'>literarum</span> <span class='ocrx_word' id='word_1_215' title='bbox 584 3701 859 3872; x_wconf 62' lang='lat' dir='ltr'>dommtapopoe</span> <span class='ocrx_word' id='word_1_216' title='bbox 888 3725 992 3791; x_wconf 84' lang='lat' dir='ltr'>super</span> <span class='ocrx_word' id='word_1_217' title='bbox 1014 3700 1259 3792; x_wconf 73' lang='lat' dir='ltr'>jurisdictione</span> 
     </span>
     <span class='ocr_line' id='line_1_28' title="bbox 673 3828 784 3874; baseline 0.027 -3"><span class='ocrx_word' id='word_1_218' title='bbox 673 3828 717 3872; x_wconf 83' lang='lat' dir='ltr'>uo</span> <span class='ocrx_word' id='word_1_219' title='bbox 745 3829 784 3874; x_wconf 81' lang='lat' dir='ltr'>te.</span> 
     </span>
    </p>
   </div>
   <div class='ocr_carea' id='block_1_5' title="bbox 211 3958 1259 4538">
    <p class='ocr_par' dir='ltr' id='par_1_11' title="bbox 211 3958 1259 4538">
     <span class='ocr_line' id='line_1_29' title="bbox 240 3958 1257 4034; baseline 0.002 -21"><span class='ocrx_word' id='word_1_220' title='bbox 240 3958 426 4016; x_wconf 87' lang='lat' dir='ltr'>Innocentius</span> <span class='ocrx_word' id='word_1_221' title='bbox 454 3961 742 4034; x_wconf 69' lang='lat' dir='ltr'>episcopusservus</span> <span class='ocrx_word' id='word_1_222' title='bbox 769 3979 921 4017; x_wconf 83' lang='lat' dir='ltr'>servorum</span> <span class='ocrx_word' id='word_1_223' title='bbox 947 3959 1013 4027; x_wconf 92' lang='lat' dir='ltr'>Dei,</span> <span class='ocrx_word' id='word_1_224' title='bbox 1040 3960 1257 4018; x_wconf 82' lang='lat' dir='ltr'>venerabilibus</span> 
     </span>
     <span class='ocr_line' id='line_1_30' title="bbox 211 4042 1256 4116; baseline 0.005 -23"><span class='ocrx_word' id='word_1_225' title='bbox 211 4042 345 4099; x_wconf 84' lang='lat' dir='ltr'>fratribus</span> <span class='ocrx_word' id='word_1_226' title='bbox 364 4045 478 4098; x_wconf 86' lang='lat' dir='ltr'>Elisnsi</span> <span class='ocrx_word' id='word_1_227' title='bbox 497 4051 528 4101; x_wconf 90' lang='lat' dir='ltr'>et</span> <span class='ocrx_word' id='word_1_228' title='bbox 551 4045 672 4099; x_wconf 85' lang='lat' dir='ltr'>Rossnsi</span> <span class='ocrx_word' id='word_1_229' title='bbox 691 4045 835 4116; x_wconf 86' lang='lat' dir='ltr'>episcopis</span> <span class='ocrx_word' id='word_1_230' title='bbox 855 4051 885 4101; x_wconf 91' lang='lat' dir='ltr'>et</span> <span class='ocrx_word' id='word_1_231' title='bbox 901 4045 1044 4116; x_wconf 82' lang='lat' dir='ltr'>magistro</span> <span class='ocrx_word' id='word_1_232' title='bbox 1063 4045 1097 4099; x_wconf 93' lang='lat' dir='ltr'>B.</span> <span class='ocrx_word' id='word_1_233' title='bbox 1118 4045 1256 4099; x_wconf 88' lang='lat' dir='ltr'>canonico</span> 
     </span>
     <span class='ocr_line' id='line_1_31' title="bbox 211 4124 1255 4201; baseline 0.001 -20"><span class='ocrx_word' id='word_1_234' title='bbox 211 4124 432 4194; x_wconf 82' lang='lat' dir='ltr'>bondoniarum,</span> <span class='ocrx_word' id='word_1_235' title='bbox 454 4129 580 4184; x_wconf 89' lang='lat' dir='ltr'>salutem</span> <span class='ocrx_word' id='word_1_236' title='bbox 598 4136 628 4186; x_wconf 90' lang='lat' dir='ltr'>et</span> <span class='ocrx_word' id='word_1_237' title='bbox 646 4131 835 4201; x_wconf 86' lang='lat' dir='ltr'>apostolicam</span> <span class='ocrx_word' id='word_1_238' title='bbox 855 4128 1096 4184; x_wconf 86' lang='lat' dir='ltr'>benedictionem.</span> <span class='ocrx_word' id='word_1_239' title='bbox 1135 4127 1255 4184; x_wconf 85' lang='lat' dir='ltr'>Auditis</span> 
     </span>
     <span class='ocr_line' id='line_1_32' title="bbox 212 4212 1255 4285; baseline 0.005 -23"><span class='ocrx_word' id='word_1_240' title='bbox 212 4217 236 4265; x_wconf 91' lang='lat' dir='ltr'>et</span> <span class='ocrx_word' id='word_1_241' title='bbox 253 4213 409 4268; x_wconf 86' lang='lat' dir='ltr'>intellectis</span> <span class='ocrx_word' id='word_1_242' title='bbox 429 4214 665 4269; x_wconf 82' lang='lat' dir='ltr'>attestationibus</span> <span class='ocrx_word' id='word_1_243' title='bbox 692 4214 895 4269; x_wconf 88' lang='lat' dir='ltr'>instrumentis</span> <span class='ocrx_word' id='word_1_244' title='bbox 923 4218 954 4268; x_wconf 91' lang='lat' dir='ltr'>et</span> <span class='ocrx_word' id='word_1_245' title='bbox 978 4212 1204 4285; x_wconf 78' lang='lat' dir='ltr'>allegationibus</span> <span class='ocrx_word' id='word_1_246' title='bbox 1223 4212 1255 4267; x_wconf 89' lang='lat' dir='ltr'>in</span> 
     </span>
     <span class='ocr_line' id='line_1_33' title="bbox 212 4295 1253 4367; baseline 0.003 -20"><span class='ocrx_word' id='word_1_247' title='bbox 212 4309 292 4350; x_wconf 86' lang='lat' dir='ltr'>causa</span> <span class='ocrx_word' id='word_1_248' title='bbox 310 4316 376 4367; x_wconf 86' lang='lat' dir='ltr'>quae</span> <span class='ocrx_word' id='word_1_249' title='bbox 395 4299 522 4353; x_wconf 88' lang='lat' dir='ltr'>vertitur</span> <span class='ocrx_word' id='word_1_250' title='bbox 539 4298 616 4353; x_wconf 87' lang='lat' dir='ltr'>inter</span> <span class='ocrx_word' id='word_1_251' title='bbox 632 4298 831 4354; x_wconf 79' lang='lat' dir='ltr'>venerabilem</span> <span class='ocrx_word' id='word_1_252' title='bbox 849 4298 971 4352; x_wconf 88' lang='lat' dir='ltr'>fratrom</span> <span class='ocrx_word' id='word_1_253' title='bbox 989 4304 1123 4352; x_wconf 89' lang='lat' dir='ltr'>nostrum</span> <span class='ocrx_word' id='word_1_254' title='bbox 1135 4295 1253 4367; x_wconf 83' lang='lat' dir='ltr'>Wigor·</span> 
     </span>
     <span class='ocr_line' id='line_1_34' title="bbox 211 4380 1259 4453; baseline 0.005 -23"><span class='ocrx_word' id='word_1_255' title='bbox 211 4391 322 4434; x_wconf 84' lang='lat' dir='ltr'>nensem</span> <span class='ocrx_word' id='word_1_256' title='bbox 339 4382 510 4453; x_wconf 88' lang='lat' dir='ltr'>episcopum</span> <span class='ocrx_word' id='word_1_257' title='bbox 528 4389 558 4436; x_wconf 90' lang='lat' dir='ltr'>et</span> <span class='ocrx_word' id='word_1_258' title='bbox 576 4381 716 4437; x_wconf 88' lang='lat' dir='ltr'>dilectum</span> <span class='ocrx_word' id='word_1_259' title='bbox 743 4382 838 4436; x_wconf 89' lang='lat' dir='ltr'>filium</span> <span class='ocrx_word' id='word_1_260' title='bbox 856 4381 1105 4437; x_wconf 81' lang='lat' dir='ltr'>Eveshsmensem</span> <span class='ocrx_word' id='word_1_261' title='bbox 1124 4380 1259 4436; x_wconf 85' lang='lat' dir='ltr'>abbatem</span> 
     </span>
     <span class='ocr_line' id='line_1_35' title="bbox 213 4463 1258 4538; baseline 0.006 -24"><span class='ocrx_word' id='word_1_262' title='bbox 213 4477 292 4532; x_wconf 85' lang='lat' dir='ltr'>super</span> <span class='ocrx_word' id='word_1_263' title='bbox 320 4463 454 4521; x_wconf 87' lang='lat' dir='ltr'>eeclesiis</span> <span class='ocrx_word' id='word_1_264' title='bbox 483 4466 514 4520; x_wconf 94' lang='lat' dir='ltr'>in</span> <span class='ocrx_word' id='word_1_265' title='bbox 540 4466 616 4522; x_wconf 84' lang='lat' dir='ltr'>vallo</span> <span class='ocrx_word' id='word_1_266' title='bbox 643 4464 679 4520; x_wconf 92' lang='lat' dir='ltr'>do</span> <span class='ocrx_word' id='word_1_267' title='bbox 698 4466 875 4521; x_wconf 87' lang='lat' dir='ltr'>Eveshsmia</span> <span class='ocrx_word' id='word_1_268' title='bbox 893 4466 1072 4533; x_wconf 86' lang='lat' dir='ltr'>constitutis,</span> <span class='ocrx_word' id='word_1_269' title='bbox 1094 4484 1166 4538; x_wconf 87' lang='lat' dir='ltr'>quas</span> <span class='ocrx_word' id='word_1_270' title='bbox 1197 4466 1258 4538; x_wconf 90' lang='lat' dir='ltr'>epi·</span> 
     </span>
    </p>
   </div>
   <div class='ocr_carea' id='block_1_6' title="bbox 461 4700 1004 4767">
    <p class='ocr_par' dir='ltr' id='par_1_12' title="bbox 461 4700 1004 4767">
     <span class='ocr_line' id='line_1_36' title="bbox 461 4700 1004 4767; baseline 0.004 -20"><span class='ocrx_word' id='word_1_271' title='bbox 461 4701 467 4730; x_wconf 88' lang='lat'>¹</span> <span class='ocrx_word' id='word_1_272' title='bbox 480 4701 590 4767; x_wconf 64' lang='lat' dir='ltr'>sutore]</span> <span class='ocrx_word' id='word_1_273' title='bbox 607 4700 665 4760; x_wconf 80' lang='lat' dir='ltr'>Sic‚·</span> <span class='ocrx_word' id='word_1_274' title='bbox 686 4718 725 4765; x_wconf 83' lang='lat' dir='ltr'>qu.</span> <span class='ocrx_word' id='word_1_275' title='bbox 740 4701 861 4762; x_wconf 83' lang='lat' dir='ltr'>auditore,</span> <span class='ocrx_word' id='word_1_276' title='bbox 873 4708 1004 4767; x_wconf 68' lang='lat' dir='ltr'>utsupra„</span> 
     </span>
    </p>
   </div>
   <div class='ocr_carea' id='block_1_7' title="bbox 0 0 1653 5656">
    <p class='ocr_par' dir='ltr' id='par_1_13' title="bbox 0 0 1653 5656">
     <span class='ocr_line' id='line_1_37' title="bbox 0 0 1653 5656; baseline 0 0"><span class='ocrx_word' id='word_1_277' title='bbox 0 0 1653 5656; x_wconf 95' lang='lat' dir='ltr'> </span> 
     </span>
    </p>
   </div>
  </div>
 </body>
</html>
