3270 5656
483 783 686 835 cnuomcou
708 784 866 835 nonnum
890 786 935 835 nn
958 786 1128 837 rvrsnsu.
1276 775 1339 837 205

294 973 452 1046 nostrum,
477 977 511 1036 et
533 993 679 1057 appensa
701 978 781 1037 sunt
805 973 912 1059 sigilla
934 978 1050 1039 nostra
1072 974 1109 1038 in
1131 974 1246 1039 codem
1272 974 1342 1039 loco
1355 991 1423 1044 sl).
1438 998 1509 1044 1206.

294 1071 587 1137 constitutionibus
602 1074 677 1151 illis,
703 1081 737 1139 ct
752 1080 821 1139 tum
846 1097 907 1140 nos
933 1076 989 1160 qui
1012 1083 1190 1162 praesentes
1214 1099 1343 1141 eramus

294 1194 392 1257 quam
415 1174 466 1238 illi
489 1176 547 1260 qui
562 1176 651 1242 domi
667 1184 763 1241 erant
778 1177 848 1242 haec
864 1177 976 1242 eadem
992 1179 1022 1243 oi
1039 1179 1227 1264 juravimus
1244 1202 1342 1265 quam

294 1275 353 1338 diu
368 1276 510 1342 fideliter
525 1300 564 1343 eu
579 1277 775 1358 observaret,
799 1287 833 1346 et
855 1281 979 1345 reversi
1001 1303 1114 1345 sumus
1134 1303 1207 1346 cum
1222 1282 1343 1369 gaudio

294 1377 408 1443 cadom
431 1380 484 1445 die
507 1381 549 1445 ed
571 1403 750 1468 vesperam.
808 1382 890 1448 Ecce
913 1383 1053 1448 audistis
1083 1383 1203 1469 quibus
1226 1384 1344 1448 labori-

294 1480 354 1544 bus
387 1487 422 1546 et
456 1483 608 1569 periculis
641 1484 684 1548 ad
727 1485 812 1549 hanc
844 1486 1089 1572 dispositionem
1127 1489 1344 1572 pervenimus,

293 1605 464 1671 nunquam
487 1586 576 1650 enim
598 1586 701 1651 abbas
731 1593 841 1652 noster
863 1588 991 1674 aliquid
1013 1589 1108 1653 nobis
1130 1590 1234 1675 gratis
1257 1590 1343 1665 fecit,

292 1685 350 1750 sed
373 1708 501 1773 semper
523 1688 651 1753 invitus
674 1696 709 1755 et
732 1696 872 1769 coactus,
889 1696 923 1755 et
942 1713 1069 1777 semper
1084 1691 1343 1757 adversitatibus

292 1789 430 1853 vicimus
453 1796 487 1855 et
509 1790 781 1858 tribulationibus
804 1793 965 1858 meliorati
988 1815 1101 1858 sumus
1116 1799 1151 1858 et
1172 1794 1342 1859 crevimus

294 1890 374 1955 Post
396 1894 617 1979 exemptionis
640 1896 728 1960 enim
760 1895 1042 1961 confirmationem
1066 1901 1118 1963 est
1140 1896 1210 1962 haec
1233 1897 1342 1984 dispo-

292 1993 377 2071 sitio,
409 1996 437 2059 si
471 1997 546 2082 quis
575 2019 615 2062 ea
637 1997 720 2062 bene
742 2002 868 2079 utatur,
893 2021 998 2063 unum
1021 1999 1061 2065 de
1084 2000 1341 2087 praeclarissimis

291 2095 387 2161 factis
410 2097 508 2184 hujus
538 2099 690 2177 ccclesiae,
717 2101 760 2165 ad
784 2103 880 2187 quod,
903 2109 943 2168 ut
965 2102 1114 2180 audistis,
1138 2108 1189 2168 tot
1211 2103 1340 2189 injuriis

291 2199 401 2264 affecti
423 2200 484 2265 vix
505 2201 685 2287 attigimus.
744 2201 840 2267 Hanc
863 2207 975 2268 autem
998 2203 1246 2289 dispositionem
1270 2227 1341 2269 suc·

291 2322 398 2365 cessor
419 2302 491 2386 ejus
513 2302 666 2368 dominus
682 2304 869 2369 Randulfus
892 2328 959 2370 non
981 2305 1089 2370 solum
1111 2306 1251 2372 libenter
1266 2328 1341 2372 oon·

291 2404 448 2482 firmavit,
481 2406 663 2471 sedetiam
694 2408 809 2472 multis
843 2408 1037 2485 redditibus,
1066 2414 1105 2473 ut
1128 2431 1171 2474 ex
1193 2409 1340 2495 ejusdem

291 2507 492 2594 inspectione
523 2514 626 2595 patet,
654 2510 835 2596 ampliavit.
893 2510 938 2575 Et
968 2516 1082 2598 postea
1112 2533 1214 2597 quum
1237 2532 1339 2576 essem
1355 2502 1438 2620 ffl-

291 2632 363 2673 cum
387 2632 426 2675 eo
443 2611 556 2677 Romae
578 2612 615 2675 in
638 2613 774 2678 concilio
796 2613 948 2699 generali,
965 2636 986 2678 a
1008 2614 1139 2680 domino
1161 2636 1246 2702 papa
1267 2636 1339 2680 cam
1351 2608 1448 2686 Fourih

291 2710 426 2779 fecimus
449 2714 641 2780 confirmari.
1351 2703 1480 2837 ἓξὲξ]

291 2925 480 3013 Dispositio
511 2927 715 2995 reddituum
745 2928 1003 2996 Eocsbanicusis
1037 2929 1188 3007 coeicobii,
1211 2935 1242 2996 ct
1264 2951 1341 2998 coct-

571 3031 732 3118 flrmotio
762 3032 1060 3099 coorsuctodinum.

335 3166 398 3231 Est
419 3172 529 3232 autem
553 3168 723 3254 dispositio
746 3169 830 3233 talis,

328 3270 504 3324 “Omnibus
533 3277 640 3326 sanctoe
665 3270 767 3326 matris
794 3271 926 3325 ecciesiae
954 3270 1022 3325 tiliis
1050 3269 1087 3324 ad
1112 3287 1184 3340 quos
1211 3286 1340 3340 praesons
1353 3264 1480 3343 (ξῠῡῦῒῑῐῠ-

290 3352 438 3423 scriptum·
451 3357 618 3427 pervenerit
629 3355 811 3410 Randultus¹
825 3354 881 3408 Dei
894 3356 990 3424 gratia
1008 3354 1096 3408 abbas
1109 3353 1292 3409 Evcshamioe
1311 3360 1341 3408 et
1351 3339 1419 3381 ‘¹⁰¹¹'
1430 3334 1504 3449 ands

290 3444 369 3492 totus
388 3439 520 3509 ejusdem
539 3440 596 3494 loci
614 3446 773 3495 conventus
798 3439 923 3494 salutem
941 3439 972 3492 in
991 3438 1124 3492 Domino.
1351 3406 1495 3531 {xm}

326 3521 469 3590 Quoniam
487 3542 505 3578 a
520 3523 637 3578 domino
653 3524 823 3578 Innocentio
836 3541 911 3593 papa
923 3523 1011 3577 tertio
1029 3521 1231 3594 dispositionis
1244 3520 1339 3576 rcddi·
1352 3531 1420 3583 Μ),
1435 3538 1507 3583 1214.

289 3611 374 3660 tunm
399 3607 499 3662 officiis
523 3605 650 3663 nostris²
670 3608 888 3678 assignatorum
924 3606 1173 3662 confirmationem
1209 3606 1341 3662 obtinere

290 3692 461 3756 meruimus,
482 3691 625 3758 redditus,
654 3710 712 3746 non
730 3696 844 3746 tantum
863 3691 929 3746 illos
949 3709 1021 3762 qnos
1040 3698 1171 3762 tompore
1190 3691 1341 3746 confirma-

289 3776 378 3830 tionis
401 3776 568 3841 habuimus,
595 3776 647 3831 sed
673 3783 702 3830 et
728 3793 800 3847 quos
827 3792 930 3847 postea
947 3775 1168 3847 acquisivimus,
1192 3776 1342 3846 cumipse

288 3877 392 3913 corum
405 3859 604 3931 dispositione,
618 3860 655 3914 ad
672 3868 856 3931 posterorum
873 3859 1008 3914 notitiam
1020 3860 1216 3931 profuturum,
1232 3861 1341 3930 scripto

289 3944 492 3999 commendare
511 3945 634 4016 dignum
653 3945 799 3999 duximus.
837 3944 915 3999 Nam
934 3951 994 3999 tarn
1016 3944 1052 3997 ab
1071 3944 1242 3998 Irmocontio
1265 3961 1341 4014 papa

288 4028 417 4083 secundo
442 4047 529 4100 quam
555 4030 591 4083 ab
612 4027 778 4084 Alexandro
796 4028 883 4083 tertio
902 4045 960 4082 non
987 4028 1082 4082 solum
1108 4026 1240 4081 redditus
1267 4045 1340 4096 quos

287 4120 420 4182 tempore
438 4131 540 4168 corum
558 4113 724 4178 habuimus,
738 4112 791 4168 sed
806 4120 835 4168 ct
847 4112 892 4166 illi
911 4128 984 4182 quos
997 4116 1098 4180 postea
1117 4110 1340 4181 quibuscunque

284 4197 378 4267 justis
397 4198 491 4253 modis
513 4198 665 4270 ocquircre
687 4215 849 4268 possemus,
870 4195 952 4249 nobis
972 4194 1170 4249 conceduntur
1189 4201 1219 4249 ot
1237 4194 1339 4248 contir-

287 4288 416 4346 mantur,
437 4282 515 4353 quod
539 4290 569 4338 ct
592 4283 690 4353 ipsum
708 4281 791 4336 nobis
810 4282 905 4335 facore
924 4280 1013 4334 liccrc
1033 4280 1063 4332 in
1081 4279 1128 4334 his
1146 4279 1254 4334 nostris
1272 4296 1339 4333 con·

287 4366 492 4422 stitutionibus
510 4372 541 4422 et
558 4366 818 4422 consuctudinibus
837 4364 1010 4419 continetur.

323 4621 329 4649 ¹
342 4617 497 4686 Rauduisac]
512 4619 684 4683 ltoudulphus.
713 4617 782 4685 Orig.
872 4615 976 4681 ²officiis
985 4614 1085 4680 uostris]
1096 4613 1233 4664 officiorum
1240 4622 1337 4665 nostro·

286 4701 314 4751 in
327 4700 428 4752 Cotton.
442 4700 573 4766 Augustus
585 4700 633 4750 111.
645 4706 691 4751 art.
706 4703 743 4749 ll.
840 4711 904 4759 rum,
913 4697 1022 4762 August.
1032 4697 1081 4746 and
1093 4695 1267 4757 Harl.3163,s.
1283 4701 1337 4747 148.
