3264 5662
639 798 822 848 urrunnu.
1188 781 1253 847 ala

204 993 313 1072 posset
335 985 425 1071 quod
447 985 555 1049 virtus
579 985 686 1049 sancti
709 982 879 1047 immobile
913 982 1124 1048 reddiderat?
1168 982 1255 1046 Tan·
1302 990 1379 1077 'an

206 1089 278 1154 (lem
310 1088 461 1152 custodes
492 1087 599 1151 sancti
633 1085 858 1171 intelligentes
892 1106 959 1148 non
982 1105 1051 1149 esse
1074 1083 1257 1149 voluntatis
1269 1061 1419 1107 ¹⁰¹⁷'¹⁰⁸⁶·

207 1193 309 1278 ipsius
343 1197 382 1256 ut
413 1192 449 1255 in
480 1191 542 1255 tali
573 1190 644 1254 loco
678 1193 875 1274 portaretur,
899 1188 1086 1253 intentione
1117 1193 1256 1264 mutata,

207 1302 280 1380 poet
296 1293 539 1380 aliquantulum
563 1291 646 1357 lucri
670 1291 804 1356 domum
827 1289 983 1378 repedare
1004 1290 1255 1357 festinaverunt.

208 1396 319 1477 Quum
336 1417 412 1483 ergo
435 1396 478 1459 ad
500 1394 655 1480 reliquias
678 1393 785 1459 sancti
802 1392 994 1459 deferendas
1008 1398 1148 1458 ventum
1163 1397 1256 1470 esset,

208 1499 326 1563 rubum
349 1499 386 1562 in
410 1498 543 1562 modum
567 1502 636 1562 tarn
659 1495 749 1559 facili
780 1500 875 1560 motu
908 1494 1065 1561 feretrum
1088 1495 1158 1582 ejus
1180 1495 1256 1560 sub

208 1602 312 1666 latum
336 1605 449 1665 estut
471 1598 601 1684 pondus
624 1597 708 1663 inibi
733 1619 828 1684 paene
861 1597 990 1665 nullum
1021 1598 1126 1663 inesse
1154 1598 1256 1663 senti·

208 1708 280 1769 rent
315 1702 522 1767 devehentes.
592 1700 691 1766 Unde
714 1699 813 1765 datur
844 1700 986 1787 intelligi
1019 1700 1126 1767 locum
1153 1701 1257 1768 Eove-

209 1806 412 1871 rhemensem
446 1804 533 1869 hunc
566 1808 716 1868 sanctum
740 1801 827 1868 dulci
859 1803 981 1868 affectu
1012 1803 1178 1891 amplecti,
1200 1804 1256 1891 qui

210 1930 265 1975 nec
298 1908 342 1972 ad
374 1907 489 1971 horam
523 1905 652 1992 patitur
683 1904 726 1968 ab
759 1904 822 1970 hac
849 1906 985 1971 eeclesia
1014 1907 1080 1972 nisi
1111 1907 1258 1972 maxima

209 2011 402 2077 necessitate
425 2014 562 2095 cogente
585 2007 702 2072 deesse.
761 2006 947 2072 Revehitur
979 2009 1092 2096 itaque
1125 2014 1259 2074 sanctus

210 2112 349 2177 Odulfus
376 2112 418 2175 ad
450 2110 604 2175 dilectam
638 2115 672 2174 et
706 2110 842 2175 electam
876 2111 939 2176 sibi
973 2112 1160 2193 ecclesiam;
1183 2133 1259 2176 nar-

211 2221 325 2280 rantur
348 2214 418 2300 ejus
442 2213 639 2299 magnilica;
662 2212 814 2298 gaudent
829 2214 976 2278 universi
991 2213 1074 2279 talia
1088 2214 1259 2280 audientes

212 2317 398 2405 magnalia;
435 2315 643 2380 benedicitur
674 2314 766 2380 Deus
806 2316 893 2379 solus
927 2315 1050 2381 faciens
1087 2316 1259 2393 mirabilia,

213 2420 274 2500 Qui
297 2419 387 2484 vivit
411 2423 445 2482 et
468 2424 588 2504 regnat
611 2439 669 2503 per
691 2417 803 2481 omnia
825 2417 960 2484 saecula:
985 2418 1101 2483 Amen.

528 2709 579 2773 De
601 2708 749 2794 quodem
770 2708 938 2774 semente.

254 2861 320 2928 Sed
343 2883 403 2926 nec
424 2861 509 2925 illud
529 2858 854 2946 praetermittendum
876 2860 965 2946 quod
994 2860 1030 2925 in
1052 2860 1260 2929 solemnitate
1314 2882 1382 2934 nl).

213 2987 269 3029 sua
300 2965 381 3029 felix
413 2987 451 3028 ac
482 2964 557 3049 pius
592 2963 733 3028 Odulfus
764 2968 949 3048 exequutus
975 2969 1026 3029 est
1055 2965 1256 3030 miraculum.
1272 2955 1422 3002 ¹⁰⁹⁶'¹¹²²·

213 3069 426 3154 Temporibus
450 3066 577 3130 domini
604 3065 752 3129 Mauritii
775 3066 906 3131 abbatis
928 3067 1040 3131 evenit
1063 3074 1101 3131 ut
1123 3069 1256 3152 quidam

213 3173 354 3235 serviens
377 3175 539 3255 praecepto
562 3169 711 3253 magistri
735 3169 785 3231 sui
808 3168 844 3230 in
868 3168 1091 3253 superioribus
1118 3170 1257 3237 ecclesiae

212 3274 288 3337 locis
310 3273 507 3349 ascenderet,
531 3278 571 3335 ut
602 3271 761 3335 cortinam
793 3271 829 3333 in
856 3271 978 3336 honore
1008 3273 1114 3338 sancti
1145 3273 1257 3338 Odulfi

211 3397 400 3462 suspensam
422 3380 537 3439 contra
560 3373 695 3438 solitum
718 3394 842 3436 rnorem
866 3373 936 3458 ipsa
959 3373 1011 3437 die
1039 3374 1257 3441 solemnitatis

211 3481 394 3565 deponeret,
411 3483 445 3540 et
460 3474 736 3561 quemadmodum
750 3476 879 3559 jussum
895 3475 958 3539 sibi
974 3475 1082 3542 fuerat
1097 3479 1257 3543 ministris

211 3587 333 3646 sanctae
356 3578 537 3664 AEdburgse
564 3599 636 3642 earn
659 3576 902 3661 requirentibus
924 3579 1177 3647 commendaret.
1216 3581 1257 3646 Id

211 3684 289 3749 dum
321 3686 442 3769 ageret,
474 3682 559 3745 sicut
590 3700 707 3744 revera
741 3679 805 3744 sibi
833 3679 943 3745 visum
973 3680 1090 3759 fuerat,
1121 3684 1260 3750 reluta

211 3787 353 3872 quodam
376 3783 535 3869 impulsus
551 3782 605 3846 vel
627 3782 861 3868 praecipitatus,
876 3783 927 3848 ita
948 3785 1037 3851 ultra
1051 3785 1206 3872 reliquias
1224 3793 1259 3853 et

211 3910 365 3974 magnum
399 3886 501 3951 altare
524 3907 621 3971 super
642 3886 763 3971 gradus
785 3886 941 3953 atrociter
962 3888 1080 3954 cecidit
1101 3895 1141 3955 ut
1163 3890 1258 3954 illum

211 3990 400 4075 omnesqui
424 3994 599 4073 praesentes
630 3994 726 4053 erant
757 3989 942 4054 extinctum
974 3996 1137 4075 putarent.
1192 3993 1259 4059 Ob-

210 4099 363 4178 stupuere
386 4091 542 4168 universi,
566 4091 689 4176 singuli
711 4112 829 4156 nomen
851 4093 957 4156 saneti
973 4092 1086 4159 Odulfi
1108 4096 1259 4164 invocare

210 4217 344 4281 crepere,
368 4216 471 4280 quum
492 4198 578 4258 eccel
602 4192 719 4257 vident
741 4192 936 4278 praedictum
951 4196 1149 4263 servientem
1164 4204 1259 4285 quasi

211 4299 252 4363 de
284 4298 378 4384 gravi
410 4317 525 4361 somno
556 4295 696 4360 illaesum
727 4317 900 4381 exsurgere
922 4303 956 4362 et
986 4298 1071 4363 nihil
1100 4302 1179 4367 mali
1202 4305 1258 4370 ha

210 4402 345 4466 bentem
368 4401 403 4465 in
436 4399 543 4463 medio
567 4420 680 4462 corum
711 4419 785 4462 cum
818 4398 1037 4466 admiratione
1067 4411 1258 4473 cunctorum

210 4510 329 4568 astare.
376 4502 572 4568 Tenduntur
589 4501 694 4586 igitur
708 4501 751 4565 ad
774 4500 892 4567 coelurn
906 4524 1033 4581 manus,
1053 4505 1261 4578 benedicitur

212 4606 375 4671 mirabilis
398 4605 488 4670 Deus
512 4604 578 4683 Qui
601 4605 636 4668 in
660 4605 781 4671 sanctis
804 4612 837 4672 et
860 4626 918 4691 per
939 4615 1069 4676 sanctos
1083 4608 1168 4679 Suos
1190 4615 1261 4702 glo-

212 4708 361 4775 rificatur
382 4730 441 4795 per
462 4712 582 4775 cuncta
603 4708 738 4775 secula:
763 4709 880 4778 Amen
