3270 5656
424 799 628 851 onnomcon
650 797 808 879 unauna
832 800 878 849 un
900 797 1070 849 nvnsnnn.
1207 785 1270 850 135

220 978 252 1033 in
289 981 421 1052 capitulo
458 984 703 1056 promulgantem,
737 984 774 1039 ab
804 984 907 1040 abbate
937 990 968 1040 et
998 983 1147 1039 monachis
1181 982 1273 1039 fuisse
1287 1002 1353 1056 M),
1367 1009 1437 1056 1204.
1513 1001 1515 1004 ·

218 1063 345 1136 benigne
370 1067 539 1135 admissum,
565 1086 679 1125 necnon
705 1067 838 1124 abbatem
864 1067 1036 1139 praedictum
1059 1067 1168 1139 synodo
1185 1084 1273 1138 quam

219 1147 298 1204 idem
317 1151 471 1223 episcopus
490 1152 568 1224 apud
579 1152 761 1224 Wigorniam
781 1152 941 1208 celebravit
957 1158 1096 1222 tanquam
1113 1152 1274 1222 quemlibet

220 1249 256 1286 ex
279 1234 420 1306 subjectis
444 1237 598 1293 abbatibus
625 1239 803 1303 interfuisse,
830 1236 901 1292 adeo
926 1235 1004 1308 quod
1034 1241 1064 1291 et
1086 1236 1215 1307 primum
1241 1236 1273 1290 in

217 1318 441 1388 synodo,locum
459 1328 526 1393 post
544 1321 714 1394 episcopum
735 1322 792 1377 sibi
812 1319 991 1387 vindicaret;
1011 1325 1162 1392 praeterea,
1181 1337 1272 1390 quum

220 1400 285 1457 luce
305 1402 415 1460 clarius
436 1412 582 1462 constaret
593 1407 779 1477 praescriptos
799 1404 933 1461 abbatem
952 1411 983 1461 et
998 1405 1152 1460 monachos
1165 1404 1271 1468 oleum,

220 1485 347 1542 chrima
371 1495 402 1544 et
424 1489 541 1546 ordines
561 1490 598 1545 ab
625 1491 753 1562 antiquis
774 1496 854 1545 retro
874 1489 1055 1561 temporibus
1074 1488 1111 1544 ab
1129 1488 1273 1560 episcopis

221 1569 380 1642 wigorniae
404 1573 579 1646 percepisse,
606 1580 638 1630 et
663 1591 763 1630 omnes
788 1573 818 1627 in
845 1573 940 1644 primo
966 1572 1092 1629 adventu
1120 1590 1173 1627 suo
1197 1571 1274 1642 apud

220 1653 365 1710 livesham
389 1674 457 1711 cum
484 1658 677 1729 processione,
703 1657 905 1729 procuratione
927 1661 957 1712 et
980 1656 1078 1711 debita
1101 1655 1273 1720 reverentia,

221 1735 257 1791 de
280 1738 400 1810 antiqua
429 1742 648 1807 consuetudine,
680 1741 717 1796 ab
742 1740 846 1796 abbate
871 1746 901 1797 et
928 1740 1078 1796 monachis
1108 1739 1199 1795 fuisse
1228 1756 1274 1794 re·

221 1826 328 1892 ceptus,
352 1829 382 1878 et
403 1840 452 1879 eos
474 1824 505 1879 in
519 1825 686 1881 memoratis
707 1824 810 1881 abbate
829 1831 860 1880 et
880 1824 1030 1880 monachis
1051 1829 1082 1879 et
1098 1823 1274 1878 monasterio

222 1904 355 1974 quadarn
375 1906 433 1962 alia
457 1926 522 1978 quee
537 1909 613 1980 J'uris
638 1909 777 1964 ordinarii
801 1914 871 1964 sunt
893 1908 1067 1979 plerumque
1091 1907 1271 1972 exercuiss03

221 1988 326 2055 -Nos,
347 1990 478 2045 virorum
498 1992 675 2064 prudentum
696 1991 817 2048 consilio
841 1993 919 2057 freti,
946 1990 1144 2062 supradictum
1162 1991 1272 2063 episeo-

222 2089 298 2142 pum,
325 2080 466 2145 tanquam
494 2076 623 2132 indebite
650 2075 871 2148 jurisdictione¹
904 2093 957 2131 sua
988 2075 1153 2147 spoliatum,
1187 2075 1272 2129 resti·

221 2155 358 2211 tuendum
386 2157 579 2225 decrevimus,
617 2166 648 2215 et
679 2160 706 2215 ei
738 2159 927 2230 ecclesiaeque
965 2176 1025 2214 suae
1060 2157 1272 2230 possessionem

220 2239 431 2309 jurisdictionis
454 2242 486 2297 in
507 2242 673 2314 saepedictis
693 2243 797 2299 abbate
818 2251 848 2299 et
867 2242 1017 2298 monachis
1042 2247 1191 2298 eteorum
1211 2259 1272 2295 mo·

224 2325 347 2381 nasterio
360 2332 501 2397 tanquam
522 2328 578 2382 sibi
593 2327 660 2398 lege
679 2326 842 2383 dioecesana
858 2326 993 2390 subditis,
1015 2324 1097 2380 salva
1114 2325 1272 2380 secundum

224 2413 350 2464 tenorem
381 2409 511 2466 mandati
540 2411 691 2482 apostolici
720 2411 906 2482 proprietatis
937 2426 1033 2475 causa,
1063 2407 1274 2463 sententialiter

225 2492 431 2562 adjudicamus.
481 2494 607 2565 Insuper
634 2495 723 2550 etiam
755 2495 929 2550 sententiam
959 2492 1156 2564 suspensionis
1186 2509 1273 2561 quam

226 2575 299 2630 idem
317 2578 471 2649 episcopus
496 2578 526 2632 in
549 2579 759 2634 monasterium
780 2579 817 2633 de
841 2578 988 2634 Evcsham
1008 2581 1038 2632 et
1060 2575 1216 2631 monachos
1237 2576 1274 2630 ob

226 2677 321 2715 corum
339 2661 552 2717 contumaciam
570 2663 678 2719 tulerat
689 2681 783 2733 usque
803 2663 840 2717 ad
859 2662 1031 2732 condignam
1048 2660 1273 2716 satisfactionem

226 2744 463 2802 confirmavimus.
502 2745 573 2815 Qum
598 2746 716 2818 quidem
741 2747 900 2802 satisfactio
925 2745 1085 2802 secundum
1105 2744 1272 2816 dispositio·

227 2845 288 2882 uem
306 2835 436 2885 nostram
456 2830 585 2885 exhibita
606 2837 660 2897 est,
682 2830 760 2886 sicut
778 2829 857 2885 idem
877 2830 1031 2901 episcopus
1052 2833 1153 2899 postea
1176 2846 1273 2884 coram
1333 2866 1347 2881 .

228 2911 304 2966 uobis
327 2913 359 2967 in
385 2913 454 2984 jure
478 2914 627 2969 confessus
652 2920 705 2970 est.
756 2913 798 2969 Ut
820 2913 914 2986 igitur
939 2912 1082 2968 sententia
1103 2917 1203 2967 nostra
1226 2912 1273 2965 fir-

229 2994 330 3052 mitatis
354 2996 489 3068 vigorem
512 2997 640 3053 obtineat
666 2998 697 3052 in
723 3003 883 3070 posterum,
910 3014 975 3051 eam
998 2995 1136 3068 praesenti
1164 2996 1273 3066 scripto

229 3084 255 3133 ot
270 3080 434 3152 sigillorum
452 3087 616 3138 nostrorum
634 3082 812 3154 appositione
829 3081 1039 3138 roboravimus.

323 3352 449 3420 Forata
471 3354 716 3442 satisfactionis
737 3354 958 3423 contruncabo
979 3362 1167 3423 conventas.

269 3515 327 3581 Est
349 3523 460 3582 autem
483 3517 587 3583 forma
610 3517 842 3585 satisfactionis
864 3518 1052 3605 hujusmodi
1063 3543 1117 3585 :-

261 3629 437 3703 G[alfridus]
451 3632 506 3687 Dei
514 3634 610 3703 gratia
621 3634 775 3705 episcopus
787 3639 817 3690 ct
826 3633 845 3688 J
849 3631 1009 3704 [orbertus]
1019 3634 1099 3704 prior
1109 3633 1272 3690 Coventriae
1285 3631 1408 3712 Tbesub-

232 3717 256 3766 ct
275 3712 444 3787 lt[icardus]
467 3718 685 3773 archidiaconus
703 3718 922 3774 Norbamtoniae
934 3716 1079 3789 R[ogero]
1100 3718 1156 3772 Dei
1177 3719 1273 3790 gratia
1284 3715 1385 3749 ¹⁰¹⁸⁸¹⁰¹¹
1397 3709 1423 3749 ¹⁰

232 3795 320 3853 abbati
340 3806 371 3855 et
389 3801 545 3856 conventui
565 3801 759 3868 Evcshamiae,
782 3802 907 3857 salutem
926 3801 957 3856 iu
976 3801 1110 3856 Domino.
1148 3802 1272 3857 Noverit
1283 3766 1326 3815 the
1336 3767 1424 3830 bishop

232 3881 398 3939 universitas
407 3890 506 3940 vestra
517 3903 569 3940 nos
582 3886 753 3942 auctoritate
764 3886 849 3942 uobis
861 3903 879 3940 a
887 3886 1004 3940 domino
1015 3903 1091 3957 papa
1098 3883 1273 3940 commissa²
1283 3836 1404 3961 {npffiintbb

232 3963 375 4022 observato
390 3969 577 4039 jurisordine
590 3971 776 4026 confirmasse
788 3970 962 4026 senteutiam
972 3969 1170 4039 suspensionis
1183 3987 1271 4038 quam
1283 3965 1380 4014 monke-

232 4045 356 4107 dominns
381 4053 584 4123 Wigornensis
608 4054 761 4127 episcopus
785 4053 816 4109 in
839 4071 891 4110 vos
915 4059 945 4107 et
968 4052 1176 4107 monasterium
1205 4069 1269 4106 ves·

233 4137 301 4189 trum
324 4143 444 4207 propter
470 4137 696 4193 inobedientiam
716 4145 845 4194 vestram
864 4137 1070 4209 promulgavit,
1099 4154 1164 4207 quae
1186 4135 1271 4205 juxta

233 4220 352 4275 tenorem
374 4221 504 4277 mandati
523 4222 632 4277 domini
651 4241 733 4294 papas
760 4240 853 4293 usque
879 4222 916 4276 ad
942 4220 1115 4291 condignam
1141 4220 1270 4275 satisfac·

233 4299 330 4358 tionem
347 4311 394 4362 est
414 4305 602 4362 observanda.
641 4307 725 4362 Licet
743 4315 840 4363 autem
862 4307 893 4361 in
915 4324 968 4361 vos
985 4322 1039 4377 pro
1060 4304 1159 4359 delicti
1177 4306 1269 4359 vestri

235 4388 363 4453 qualitate
383 4389 487 4446 durius
508 4391 606 4445 forsan
625 4399 704 4447 esset
723 4389 1022 4454 animadvertendum,
1050 4389 1151 4443 mitius
1171 4393 1268 4444 tamen

236 4473 372 4532 vobiscum
392 4495 481 4548 agere
502 4477 641 4544 volentes,
659 4479 777 4534 modum
800 4477 1004 4534 satisfactionis
1024 4477 1079 4531 sub
1101 4477 1157 4531 hac
1175 4477 1268 4532 forma

264 4753 462 4827 'juridictiond
471 4760 666 4825 jurisdictionis,
678 4762 733 4815 Ma
754 4761 760 4830 Ι
807 4763 818 4792 ²
834 4761 1087 4828 commbsomomissa,
1094 4759 1150 4814 Mt
