3270 5656
490 809 692 863 esnourcou
715 807 872 860 samara
895 809 943 859 ua
966 807 1136 864 evasuros.
1261 797 1323 862 109

600 1400 800 1497 Plancum
823 1430 997 1498 aroanna.

283 1626 412 1713 Incipit
432 1625 609 1713 porticula
635 1625 784 1691 necando
808 1625 954 1711 qucditer
980 1625 1155 1713 episcopus
1178 1626 1326 1692 amadeo

365 1730 452 1795 uerit
467 1752 499 1793 sc
520 1736 704 1793 creatorum
722 1749 825 1793 reticeo
845 1727 1064 1807 admistionis,
1087 1737 1116 1796 ct
1140 1729 1206 1817 [de]
1223 1730 1325 1818 sotim

368 1853 525 1920 respodeo
547 1831 682 1897 obbatis.

324 2048 367 2114 In
402 2049 517 2113 diebus
549 2047 616 2113 illis
650 2052 720 2114 erat
759 2047 913 2113 dominus
947 2049 1126 2136 Malgerius
1157 2051 1491 2138 episcopusA.n.1aoa¹

287 2150 467 2238 Wigomiae,
482 2152 536 2215 vir
553 2152 665 2237 justus
679 2155 714 2215 et
728 2149 849 2215 timeus
864 2150 980 2218 Deum.
1027 2151 1095 2217 Iste
1118 2152 1248 2219 abbatis
1271 2177 1327 2221 ex·
1340 2159 1460 2238 manem,

285 2255 540 2320 ordinationibus
556 2253 731 2319 condolens
754 2260 789 2319 et
810 2258 931 2320 nostrae
953 2255 1093 2321 miseriae
1116 2257 1326 2343 compatiens,
1339 2226 1487 2351 ffiffi,

286 2358 347 2421 velo
370 2358 456 2423 bono
480 2358 608 2434 ductus
631 2355 871 2442 indulgentiam
887 2379 907 2420 a
922 2357 1055 2422 domino
1077 2380 1162 2445 papa
1184 2359 1327 2423 maxime
1340 2358 1481 2410 clamatus

285 2466 410 2547 propter
425 2459 657 2525 correctionem
673 2463 779 2523 status
802 2460 916 2538 nostri,
932 2463 972 2523 ut
993 2459 1062 2546 ipse
1085 2482 1171 2547 saepe
1190 2459 1327 2540 dicebat,
1339 2425 1495 2557 ζ’,ξξὲῃοῖὼθ

287 2563 481 2650 impetravit,
507 2560 663 2626 videlicet
685 2567 725 2625 ut
747 2560 861 2625 liceret
891 2561 955 2624 sibi
977 2561 1127 2627 ecclesias
1158 2560 1427 2630 diocesaneum·-

287 2666 349 2752 lege
372 2666 435 2731 sibi
470 2664 642 2749 subjectas,
677 2662 895 2749 appellatione
927 2671 1060 2740 remota,
1083 2665 1226 2731 visitare.
1283 2666 1329 2732 Et

286 2769 408 2855 scripsit
439 2765 554 2831 abbati
587 2766 648 2831 sub
683 2765 744 2830 hac
767 2765 894 2830 forma:
932 2772 950 2801 ‘¹
965 2766 1135 2832 Noveritis
1157 2769 1246 2854 quod
1268 2769 1328 2834 tali

287 2871 374 2934 “die
407 2870 576 2935 veniemus
609 2868 651 2933 ad
674 2889 742 2945 vos,
766 2889 864 2933 causa
897 2868 1098 2934 visitationis
1131 2870 1245 2936 eadem
1276 2872 1329 2937 die

287 2973 488 3038 “'vobiscum
519 2992 643 3035 moram
664 2968 812 3034 facturi.'’
871 2970 985 3035 Abbas
1009 2994 1086 3037 vero
1114 2973 1193 3038 visis
1225 2974 1329 3040 literis

287 3081 354 3160 post
388 3075 497 3138 cibum
526 3074 561 3137 in
593 3073 646 3137 die
673 3073 917 3158 Assumptionis
950 3074 1056 3139 beatae
1093 3076 1214 3153 Marim,
1244 3077 1329 3161 juris
1342 3095 1410 3159 Aug.
1426 3100 1464 3145 15.

287 3178 386 3241 civilis
429 3199 527 3262 quarn
562 3174 708 3240 canonici
747 3174 889 3260 ignarus,
927 3176 1051 3241 nullius
1090 3179 1328 3244 communicato

287 3279 422 3355 consilio,
447 3277 622 3364 respondit,
641 3286 656 3311 “
673 3276 762 3341 Bene
779 3276 936 3356 venerit,’'
959 3300 1016 3364 pro
1039 3301 1141 3364 parvo
1163 3286 1327 3366 reputans,
1342 3289 1396 3368 Tne
1408 3290 1484 3339 obbot

287 3387 414 3446 uteret
446 3381 589 3466 dapsilis,
614 3380 702 3464 quod
732 3381 899 3465 episcopus
932 3402 1005 3445 curn
1033 3402 1071 3446 eo
1101 3383 1321 3469 hospitaretur
1341 3359 1479 3405 m¹⁸¹¹¹¹d“'

1322 3438 1353 3470 rs
1380 3425 1426 3471 uda
1448 3423 1463 3471 lr

288 3506 347 3547 non
371 3484 500 3569 capiens
527 3482 729 3547 intellectum
752 3481 947 3548 litterarum.
1009 3482 1193 3550 Recedente
1217 3431 1479 3572 itaquebllhw'le

289 3588 399 3650 nuntio
422 3608 496 3650 curn
511 3585 570 3649 tali
594 3605 754 3670 responso,
779 3582 866 3649 facta
888 3589 939 3650 cst
967 3588 1133 3653 contentio
1157 3589 1244 3654 inter
1265 3591 1330 3654 dis·
1343 3558 1420 3608 letter.

288 3688 404 3773 cipulos
426 3687 556 3751 abbatis
590 3686 746 3771 quidnam
770 3685 833 3750 sibi
856 3687 957 3754 vellet
979 3690 1045 3754 tale
1068 3691 1271 3771 mandatum,
1295 3698 1330 3758 et

289 3791 359 3874 quia
375 3789 461 3874 juris
491 3790 615 3874 peritus
639 3810 727 3853 cram
750 3795 885 3853 vocatus
909 3811 981 3854 sum
1004 3812 1064 3877 ego
1091 3794 1148 3878 qui
1178 3817 1268 3859 eram
1292 3796 1329 3860 in
1343 3815 1497 3881 nlarleberge

288 3892 430 3967 claustro,
470 3889 666 3976 quibusdam
705 3891 889 3955 dicentibus
920 3894 1008 3977 quod
1037 3895 1205 3981 episcopus
1235 3882 1462 3997 veniossigffihss

290 3994 393 4058 videre
415 3993 570 4057 abbatem
594 3998 634 4057 ut
664 3994 796 4072 amicus,
820 3993 893 4058 aliis
924 4017 999 4070 non,
1027 3994 1082 4062 sed
1110 4001 1149 4061 ut
1172 3996 1327 4063 abbatem
1341 3965 1497 4067 lidslibios

289 4095 458 4182 deponeret
485 4096 562 4180 quia
585 4094 659 4160 odio
686 4118 760 4159 eum
787 4095 937 4160 habebat.
984 4097 1054 4182 Ego
1078 4119 1154 4162 vero
1181 4095 1328 4161 dicebam
1341 4082 1498 4200 lam&

290 4199 359 4282 quia
384 4200 411 4262 si
446 4219 521 4263 eum
544 4219 642 4262 causa
664 4197 865 4262 visitationis
888 4198 1089 4279 admitteret,
1114 4220 1155 4263 ex
1177 4198 1213 4263 vi
1235 4199 1329 4263 verbi
1445 4172 1485 4206 ου’

291 4299 380 4385 lrnjus
414 4306 544 4364 “causa
581 4300 782 4364 visitationis
792 4298 810 4322 ''
843 4304 878 4364 ct
909 4300 1035 4364 ratione
1074 4300 1241 4387 praedictae
1279 4301 1328 4364 in-

290 4402 462 4489 dulgentia
496 4425 594 4489 quarn
633 4401 721 4488 apud
745 4401 989 4480 Glaucestriam,
1014 4401 1071 4467 ubi
1104 4403 1328 4469 visitationem

292 4593 1022 4604 >v—*ffl-*ssq
1040 4596 1205 4604 *-
1216 4598 1324 4604 -.-

319 4707 397 4757 ¹Thie
408 4710 465 4758 date
477 4708 498 4756 is
509 4707 657 4758 ascenained
666 4709 729 4757 from
740 4708 782 4758 the
832 4710 863 4758 of
880 4711 972 4760 several
995 4714 1064 4776 popul
1084 4713 1228 4763 docunenu
1246 4713 1272 4762 iu
1290 4712 1331 4761 the

291 4800 367 4838 ronne
378 4790 408 4837 of
415 4789 456 4838 the
469 4788 597 4849 narrative,
607 4789 656 4838 aud
664 4789 705 4838 the
713 4790 781 4840 dates
832 4806 890 4856 year
903 4797 973 4842 laco.
