3264 5662
368 802 568 853 ‹unomcou
591 803 750 853 leniris
776 805 822 853 on
844 804 1014 854 nvrsnsu.
1151 792 1217 862 227

160 986 312 1050 dominus
327 1009 413 1073 papa
427 988 463 1051 in
479 988 583 1052 literis
594 989 824 1053 communibus
836 993 968 1053 tentum
985 989 1027 1054 de
1042 989 1216 1075 privilegio
1227 1004 1297 1056 Al).
1311 1010 1383 1061 mos.

160 1087 372 1153 Constantini
389 1090 469 1154 facit
492 1091 694 1154 mentionem
710 1095 745 1154 et
759 1092 855 1177 ponit
870 1091 905 1155 in
921 1092 1102 1177 quaestione
1125 1091 1214 1177 quod

160 1211 311 1274 expresse
344 1191 387 1255 ab
421 1192 616 1257 Innocentio
654 1192 841 1277 exponitur,
885 1198 920 1257 et
959 1194 1014 1274 sic,
1053 1199 1093 1258 ut
1131 1194 1214 1257 mihi

159 1291 299 1370 videtur,
320 1292 348 1356 si
371 1314 483 1357 omnes
506 1294 649 1359 rationes
671 1294 819 1358 omnium
842 1294 1092 1380 privilegiorum
1115 1294 1214 1359 simul

160 1393 305 1460 collectae
328 1396 549 1460 attendantur
564 1396 666 1480 (quod
681 1396 818 1461 minime
833 1397 870 1460 in
884 1395 991 1461 literis
1007 1396 1073 1460 illis
1087 1395 1213 1462 factum

159 1494 227 1581 est)
248 1518 317 1560 non
339 1499 463 1582 poterit
485 1498 532 1561 eis
555 1497 746 1583 responderi
770 1498 852 1583 quin
882 1498 1023 1563 ecclesiis
1052 1498 1120 1563 illae
1142 1498 1212 1562 sint

158 1604 329 1684 exemptae.
376 1599 547 1678 Praeterec,
571 1621 673 1684 quum
696 1621 754 1684 per
776 1600 1007 1664 attestationes
1032 1603 1128 1684 (quas
1149 1600 1212 1664 sub

157 1698 274 1785 sigillis
299 1700 450 1785 judicum
473 1702 615 1765 inclusas
637 1708 772 1786 propter
801 1701 910 1766 varios
940 1722 1032 1765 cesus
1055 1701 1113 1786 qui
1138 1723 1210 1786 pos

159 1802 227 1866 sint
244 1803 433 1888 contingere
457 1803 493 1866 in
516 1803 722 1868 thesauraria
739 1805 919 1888 reservavi)
939 1824 1091 1890 expresse
1108 1807 1211 1889 petet,

158 1908 192 1968 et
214 1903 332 1981 adhuc,
355 1905 383 1969 si
406 1906 551 1990 prudens
573 1905 753 1969 advocatus
783 1905 889 1991 magis
919 1905 1090 1991 putaverit
1112 1925 1211 1990 expo-

158 2006 236 2083 dirc,
260 2028 319 2092 por
340 2013 442 2071 testes
464 2012 574 2093 potest
596 2006 738 2092 probari,
754 2007 843 2091 quod
865 2007 953 2072 bona
975 2006 1041 2072 fide
1065 2012 1100 2072 et
1116 2008 1211 2092 justo

158 2107 265 2183 titulo,
288 2109 375 2172 sieut
405 2109 497 2194 prius
528 2109 609 2186 dixi,
639 2109 932 2194 praescripserimus
949 2109 1006 2193 jus
1029 2109 1210 2196 episcopale

159 2211 192 2274 in
231 2210 353 2275 eisdem
391 2210 534 2275 ecclesiis
567 2232 625 2297 per
660 2215 793 2275 tantum
828 2216 959 2297 tempus
996 2217 1123 2296 quante
1160 2217 1211 2277 est

157 2313 314 2377 memorie
347 2311 526 2390 hominum,
558 2313 712 2377 dominus
749 2334 835 2399 papa
867 2334 926 2397 per
959 2313 1208 2378 subductionem

157 2415 313 2501 temporie
337 2416 521 2480 vacationis
545 2414 687 2480 ecclesiae
711 2413 947 2500 wigornensis,
970 2414 999 2479 si
1021 2413 1106 2479 forte
1136 2420 1210 2480 ten·

157 2524 228 2582 tum
245 2517 347 2582 fuerit
368 2518 454 2602 quod
476 2539 514 2581 oo
534 2516 698 2581 subducto
719 2521 833 2581 nostra
850 2516 1052 2602 praescriptio
1072 2517 1208 2582 minime

156 2619 199 2683 sit
221 2620 391 2703 completa,
417 2626 564 2683 nostram
595 2618 874 2705 praescriptionem
905 2618 1039 2704 penitus
1062 2624 1207 2684 evacuat

157 2719 222 2785 Sed
243 2721 272 2784 si
295 2721 443 2784 restituti
473 2720 630 2784 fuerimus
652 2720 695 2784 ad
719 2718 896 2785 dicendum
927 2721 1089 2785 rationem
1113 2721 1209 2785 omis-

156 2845 224 2887 sam
247 2842 316 2886 non
338 2823 446 2887 oberit
465 2822 561 2887 nobie
582 2828 713 2908 ternpus
735 2824 926 2899 vacationis,
950 2822 1037 2908 quia,
1058 2824 1144 2888 siout
1166 2846 1208 2887 ex

157 2923 306 3010 pluribus
335 2929 406 2988 tam
431 2925 518 3010 juris
548 2924 657 2989 civilis
688 2946 787 3009 quem
819 2924 969 2990 canonici
1000 2925 1078 2990 locis
1100 2925 1208 3011 colligi

157 3032 273 3111 potest,
295 3032 428 3090 tontum
453 3031 569 3090 contra
592 3026 650 3090 illa
673 3027 743 3091 loca
765 3032 914 3112 tempore
936 3028 1119 3092 vacationis
1141 3048 1208 3091 non

157 3129 261 3193 currit
292 3128 498 3213 praescriptio
531 3150 606 3212 qum
637 3126 866 3192 oeeonomum¹
899 3150 968 3193 non
997 3129 1122 3193 habent
1155 3128 1209 3193 vel

156 3229 355 3295 defensorem
373 3231 428 3316 qui
445 3252 557 3295 causae
573 3252 685 3295 eorum
701 3237 847 3317 tempore
862 3230 1045 3295 vacationis
1059 3232 1210 3295 exerceat

157 3332 208 3397 vel
223 3330 387 3396 defendat.
433 3332 479 3397 Et
494 3332 627 3396 ecclesia
638 3332 864 3418 Wigomensis
879 3331 981 3396 hebet
996 3332 1136 3417 priorem
1151 3332 1209 3415 qui

156 3433 307 3520 fungitur
335 3434 407 3499 vice
437 3434 561 3510 deceni,
591 3434 694 3498 habet
716 3439 752 3499 et
774 3433 1047 3510 archidiaconum,
1070 3455 1209 3519 quorum

156 3536 295 3621 quilibet
328 3542 469 3600 vacante
502 3537 577 3601 sede
611 3536 760 3600 vindicat
790 3536 855 3600 eibi
889 3535 1119 3601 executionem
1142 3558 1210 3602 om·

157 3638 248 3702 nium
271 3638 450 3703 officiorum
473 3638 707 3725 episcopalium
730 3660 806 3724 quas
829 3659 888 3724 per
910 3639 1012 3703 alium
1031 3661 1130 3724 quam
1153 3661 1210 3726 per

156 3741 264 3827 ipsum
288 3742 430 3807 exerceri
453 3746 600 3827 possunt,
623 3741 731 3805 veluti
760 3741 990 3807 institutiones
1012 3742 1211 3819 clericorum,

155 3843 336 3908 custodiam
355 3843 563 3908 ecclesiarum
583 3843 783 3918 vocantium,
803 3842 1025 3928 cognitionem
1042 3847 1077 3907 et
1095 3865 1210 3909 execu-

156 3946 280 4009 tionem
302 3946 450 4009 omnium
481 3966 652 4009 musarum
676 3944 718 4007 ad
743 3945 932 4030 episcopum
962 3943 1210 4029 pertinentium,

156 4053 188 4112 et
217 4048 246 4113 si
277 4070 351 4133 quae
384 4052 465 4112 sunt
498 4048 645 4128 similia3
678 4053 711 4111 et
746 4047 793 4112 sic
826 4045 959 4111 ccclesia
984 4044 1211 4131 Wigomensis

157 4149 262 4234 quoad
293 4151 376 4214 talia
405 4171 576 4234 nunquam
605 4153 703 4213 vacet
734 4148 816 4233 quin
846 4148 881 4211 in
908 4147 960 4211 his
990 4152 1108 4211 contre
1136 4168 1209 4211 eam

157 4257 265 4317 currat
283 4252 493 4338 prmsmiptio,
515 4274 617 4337 quum
636 4251 756 4315 hebeat
777 4249 861 4314 tales
882 4271 941 4334 per
961 4270 1044 4335 quos
1064 4250 1211 4314 actiones

158 4354 225 4438 ejus
248 4356 377 4441 possint
407 4355 551 4419 exerceri
575 4360 610 4418 ct
633 4351 775 4429 defendi,
806 4351 952 4415 maxime
975 4372 1078 4435 quum
1105 4351 1210 4416 erchi-

158 4456 309 4523 dieconus
333 4458 403 4523 lucc
423 4457 539 4522 cadem
556 4456 634 4541 jura
656 4460 751 4540 petat
771 4453 806 4516 in
828 4452 970 4518 ecclesiis
988 4453 1111 4518 nostris
1134 4474 1210 4538 quse

510 4696 516 4723 ¹
535 4690 688 4755 remmam]
703 4704 865 4754 yconomum,
877 4688 933 4740 MS.

1013 4774 1077 4835 1²2
