3270 5656
515 809 716 858 crmouicon*
732 808 886 858 asarum
902 811 948 859 ns
963 811 1131 860 avesnia.
1295 799 1336 860 21

290 1022 296 1033 -
340 981 423 1047 Haec
454 1004 513 1046 nos
540 1005 633 1069 paene
662 984 800 1047 verbum
827 1006 868 1048 cx
891 983 992 1048 verbo
1022 983 1187 1049 subsecuti
1217 1005 1337 1060 sumus,

293 1083 378 1149 sicut
411 1084 550 1170 ipsemet
584 1086 636 1149 vir
669 1090 800 1150 sanctus
827 1085 864 1150 in
895 1086 993 1151 cartis
1024 1086 1091 1150 suis
1121 1108 1162 1151 ex
1193 1085 1335 1150 maxima

292 1192 385 1272 parte
418 1188 589 1254 scribendo
621 1196 671 1253 est
701 1193 897 1275 prosecutus.
958 1188 1003 1253 Et
1035 1189 1111 1253 licet
1142 1188 1334 1275 scriptorum

292 1310 358 1354 non
390 1289 434 1354 sit
458 1291 571 1356 cadem
594 1313 718 1370 manus,
752 1290 895 1378 ejusdcm
922 1313 1038 1356 manus
1066 1296 1099 1356 et
1123 1291 1192 1357 stili
1221 1292 1333 1357 seriem

291 1392 380 1457 fideli
402 1394 561 1460 relatione
584 1395 771 1460 summatim
799 1395 1069 1481 transcripsimus.

337 1495 418 1562 Ecce
440 1497 589 1578 audistis
613 1497 729 1563 fratres
759 1498 823 1562 mei
847 1498 1060 1578 dilectissimi,
1086 1498 1122 1562 iu
1144 1497 1210 1564 ista
1237 1505 1334 1576 carta,

293 1598 347 1683 (ne
367 1599 501 1666 lucerna
527 1622 660 1666 accensa
689 1601 750 1665 sub
781 1600 891 1666 modio
913 1601 1174 1682 absconderetur,
1206 1601 1271 1681 sed,
1296 1609 1335 1667 ut

290 1701 412 1768 luceret
435 1703 587 1769 omnibus
610 1704 666 1790 qui
689 1704 725 1768 in
748 1703 844 1768 domo
868 1703 1003 1769 Domini
1030 1709 1116 1783 sunt,
1141 1726 1238 1790 super
1261 1727 1335 1770 can-
1349 1717 1505 1772 stantes

290 1804 461 1872 delubrum
485 1814 670 1893 poneretur,
695 1807 900 1872 stridentes
923 1809 1008 1872 bona
1036 1829 1134 1893 opera
1156 1806 1245 1871 beati
1270 1807 1334 1896 Eg·
1351 1790 1387 1835 ¹⁵·

291 1907 370 1972 wini
402 1909 620 1996 glorificemus
652 1909 783 1975 Patrem
806 1915 953 1974 nostrum
987 1910 1052 1989 Qui
1079 1910 1114 1974 in
1139 1909 1229 1976 coelis
1259 1910 1335 1999 est)

290 2018 414 2096 quanta
446 2035 505 2099 per
536 2034 611 2077 eum
634 2013 795 2078 Dominus
829 2013 914 2078 clara
946 2034 1043 2099 opera
1070 2019 1104 2078 et
1133 2013 1333 2091 miraculosa,

289 2112 368 2178 dum
383 2114 490 2180 adhuc
511 2116 577 2180 ista
592 2115 744 2180 mutabili
759 2115 829 2180 luce
844 2115 1015 2196 frueretur,
1032 2117 1158 2202 operari
1179 2117 1335 2204 dignatus

289 2222 346 2282 est
392 2218 541 2298 Quorum
568 2218 724 2304 quaedam,
749 2219 825 2305 quia
847 2219 883 2282 in
913 2220 985 2283 vita
1011 2219 1157 2305 ejusdem
1181 2241 1219 2284 ea
1241 2220 1335 2286 vobis

289 2319 417 2406 plenius
431 2321 627 2408 scripsimus,
651 2321 830 2386 dilucidare
852 2321 987 2386 hicnon
1003 2327 1139 2409 oportet.
1187 2322 1251 2388 Sed
1274 2324 1335 2388 hoc

288 2429 337 2488 est
359 2423 508 2488 mirabile
523 2425 560 2488 in
583 2424 682 2489 oculis
708 2423 839 2500 nostris,
856 2423 943 2511 quod
965 2425 1083 2490 beatus
1102 2425 1276 2510 Ecgwinus
1299 2425 1334 2488 in

288 2525 348 2590 hac
370 2528 635 2615 peregrinatione
656 2527 782 2614 positus
805 2532 874 2591 tam
905 2548 963 2612 per
986 2526 1092 2591 multa
1114 2527 1256 2591 locorum
1284 2527 1334 2591 in-

288 2630 427 2694 tervalla
461 2630 558 2717 longe
582 2630 740 2695 distantia
767 2650 865 2715 quam
888 2651 989 2715 prope
1012 2629 1119 2715 posita
1149 2629 1186 2693 in
1216 2630 1334 2716 spiritu

287 2733 449 2819 cognovit.
497 2733 579 2798 Ecce
605 2733 701 2813 enim,
730 2732 869 2797 audistis
893 2732 1034 2817 qualiter
1064 2753 1230 2797 excessum
1260 2732 1334 2798 reli-

287 2834 369 2921 giosi
395 2836 559 2901 antistitis
589 2835 733 2902 Aldelmi
775 2856 832 2921 per
869 2834 1102 2900 revelationem
1136 2834 1331 2922 cognoverit.

288 2936 397 3016 Quum
432 2940 520 3004 enim
554 2939 685 3026 gloriosi
716 2938 878 3025 praesules,
921 2938 1037 3003 beatus
1078 2937 1234 3004 videlicet
1270 2939 1330 3003 Ec-

287 3042 415 3126 gwinus
431 3046 465 3106 et
480 3048 614 3108 sanctus
635 3041 814 3118 Aldelmus,
831 3041 880 3106 ita
902 3046 1018 3107 mutuo
1034 3041 1181 3106 caritatis
1201 3042 1332 3107 vinculo

288 3164 320 3207 se
349 3144 392 3208 ad
419 3145 560 3210 invicem
592 3145 767 3231 diligerent
798 3149 831 3209 et
858 3144 922 3209 sibi
954 3143 1261 3222 confoederarentur,
1293 3149 1332 3209 ut

288 3266 353 3311 non
384 3248 491 3313 solum
507 3247 629 3313 eaedem
652 3248 840 3333 dignitates,
865 3268 966 3332 quum
982 3254 1120 3333 uterque
1143 3253 1228 3312 esset
1251 3248 1334 3332 epis·

288 3371 385 3436 oopus
409 3356 443 3415 et
467 3349 568 3416 abbas
599 3356 633 3415 et
663 3357 802 3436 uterque
824 3349 917 3414 binas
941 3360 1068 3436 regeret
1091 3350 1247 3428 ecclesias,
1276 3349 1332 3414 sed

289 3458 321 3517 et
347 3474 475 3518 morum
499 3454 646 3540 gravitas
669 3459 703 3519 et
725 3455 806 3518 vitae
830 3453 988 3518 sanctitas
1004 3475 1080 3517 vere
1095 3453 1217 3518 faceret
1239 3452 1333 3538 spiri·

288 3555 392 3621 tuales
415 3578 483 3621 esse
506 3577 698 3642 germanos;
723 3559 818 3620 tanta
840 3556 924 3620 circa
947 3576 1000 3620 eos
1023 3556 1141 3620 caritas
1157 3555 1330 3632 effulserat,

287 3659 373 3744 quod
395 3660 480 3723 sicut
503 3660 538 3722 in
561 3658 633 3723 vita
655 3680 714 3723 sua
738 3659 927 3724 dilexerunt
957 3681 998 3736 se,
1024 3664 1062 3724 ut
1089 3660 1239 3745 quamvis
1262 3680 1332 3724 cor·

287 3782 361 3847 pore
383 3767 619 3848 separarentur,
643 3767 755 3826 tamen
778 3762 813 3825 in
836 3768 941 3826 morte
964 3762 1099 3849 spiritus
1122 3784 1233 3827 eorum
1263 3783 1331 3826 non

287 3869 363 3929 sunt
393 3865 543 3951 separati.
600 3864 682 3944 Quis
705 3885 782 3950 ergo
813 3886 880 3930 non
912 3865 1024 3930 credat
1055 3886 1168 3930 eorum
1198 3864 1331 3951 spiritus

286 3966 438 4054 conjungi
461 3968 496 4031 in
519 3966 616 4045 coelis,
641 3968 791 4053 quamvis
814 3989 925 4033 eorum
947 3989 1082 4054 corpora
1103 3972 1331 4053 separarentur

287 4071 320 4134 in
349 4071 454 4146 terris,
486 4092 623 4156 quorum
654 4071 689 4134 in
720 4071 833 4136 mortis
860 4070 1007 4149 articul0,
1042 4074 1081 4134 ut
1112 4069 1214 4133 frater
1236 4068 1330 4133 fratri

286 4172 404 4237 funeris
427 4171 580 4258 obsequia
604 4173 782 4250 exhiberet,
805 4177 876 4237 tam
899 4172 1009 4237 subito
1033 4177 1067 4237 ct
1093 4176 1167 4240 tarn
1193 4170 1331 4236 miracu·

286 4275 348 4340 lose
374 4275 510 4362 spiritus
538 4281 572 4340 et
602 4297 735 4362 corpora
765 4275 1055 4361 conjungebantur.
1115 4272 1179 4337 Sed
1205 4273 1238 4336 in
1269 4272 1329 4352 his,

286 4379 366 4444 sicut
390 4380 425 4442 in
447 4378 554 4443 beatis
576 4378 750 4443 Ambrosio
774 4385 808 4444 et
831 4379 987 4454 Martino,
1005 4375 1250 4462 Omnipotentis
1266 4375 1329 4441 Dei

286 4488 359 4546 sunt
382 4480 598 4546 collaudanda
620 4481 793 4566 magnalia,
820 4481 904 4546 circa
931 4503 1011 4566 quos
1036 4478 1202 4545 consimile
1232 4480 1330 4544 mira·

286 4585 390 4650 culum
424 4585 598 4671 contigisse
631 4607 695 4650 non
721 4584 908 4670 ambigitur,
941 4584 985 4648 ad
1020 4583 1100 4669 Ejus
1132 4583 1261 4648 laudem
1296 4587 1329 4647 ct

287 4686 439 4755 honorem
461 4688 527 4767 Qui
550 4689 586 4752 in
608 4689 728 4753 sanctis
756 4688 823 4754 suis
841 4710 966 4774 semper
989 4693 1024 4753 et
1046 4686 1167 4772 ubique
1189 4692 1239 4751 est
1261 4685 1329 4773 glo-
