<?xml version="1.0" encoding="UTF-8"?>
<!DOCTYPE html PUBLIC "-//W3C//DTD XHTML 1.0 Transitional//EN"
    "http://www.w3.org/TR/xhtml1/DTD/xhtml1-transitional.dtd">
<html xmlns="http://www.w3.org/1999/xhtml" xml:lang="en" lang="en">
 <head>
  <title>
</title>
<meta http-equiv="Content-Type" content="text/html;charset=utf-8" />
  <meta name='ocr-system' content='tesseract 3.04.00' />
  <meta name='ocr-capabilities' content='ocr_page ocr_carea ocr_par ocr_line ocrx_word'/>
</head>
<body>
  <div class='ocr_page' id='page_1' title='image "./chroniconabbati00marlgoog_0316.png"; bbox 0 0 3270 5656; ppageno 0'>
   <div class='ocr_carea' id='block_1_1' title="bbox 394 757 1237 826">
    <p class='ocr_par' dir='ltr' id='par_1_1' title="bbox 394 757 1237 826">
     <span class='ocr_line' id='line_1_1' title="bbox 394 757 1237 826; baseline -0.008 0"><span class='ocrx_word' id='word_1_1' title='bbox 394 774 595 826; x_wconf 80' lang='lat' dir='ltr'>cnaourcou</span> <span class='ocrx_word' id='word_1_2' title='bbox 618 773 775 823; x_wconf 77' lang='lat' dir='ltr'>asuarrm</span> <span class='ocrx_word' id='word_1_3' title='bbox 798 773 845 822; x_wconf 80' lang='lat' dir='ltr'>uu</span> <span class='ocrx_word' id='word_1_4' title='bbox 867 769 1039 824; x_wconf 77' lang='lat' dir='ltr'>numnam</span> <span class='ocrx_word' id='word_1_5' title='bbox 1175 757 1237 820; x_wconf 80' lang='lat'>251</span> 
     </span>
    </p>
   </div>
   <div class='ocr_carea' id='block_1_2' title="bbox 194 959 1413 3816">
    <p class='ocr_par' dir='ltr' id='par_1_2' title="bbox 194 959 1413 1668">
     <span class='ocr_line' id='line_1_2' title="bbox 195 959 1407 1052; baseline -0.004 -21"><span class='ocrx_word' id='word_1_6' title='bbox 195 973 229 1031; x_wconf 92' lang='lat' dir='ltr'>et</span> <span class='ocrx_word' id='word_1_7' title='bbox 243 964 392 1052; x_wconf 80' lang='lat' dir='ltr'>expressi</span> <span class='ocrx_word' id='word_1_8' title='bbox 407 984 480 1049; x_wconf 84' lang='lat' dir='ltr'>quae</span> <span class='ocrx_word' id='word_1_9' title='bbox 496 962 555 1027; x_wconf 87' lang='lat' dir='ltr'>illa</span> <span class='ocrx_word' id='word_1_10' title='bbox 570 964 673 1038; x_wconf 90' lang='lat' dir='ltr'>erant,</span> <span class='ocrx_word' id='word_1_11' title='bbox 687 967 721 1026; x_wconf 89' lang='lat' dir='ltr'>et</span> <span class='ocrx_word' id='word_1_12' title='bbox 736 959 901 1026; x_wconf 85' lang='lat' dir='ltr'>restituit¹</span> <span class='ocrx_word' id='word_1_13' title='bbox 918 960 966 1026; x_wconf 92' lang='lat' dir='ltr'>ibi</span> <span class='ocrx_word' id='word_1_14' title='bbox 980 961 1096 1025; x_wconf 87' lang='lat' dir='ltr'>statim</span> <span class='ocrx_word' id='word_1_15' title='bbox 1111 959 1288 1029; x_wconf 80' lang='lat' dir='ltr'>dominon</span> <span class='ocrx_word' id='word_1_16' title='bbox 1289 977 1321 1028; x_wconf 84' lang='lat'>1).</span> <span class='ocrx_word' id='word_1_17' title='bbox 1337 982 1407 1027; x_wconf 82' lang='lat' dir='ltr'>mre</span> 
     </span>
     <span class='ocr_line' id='line_1_3' title="bbox 194 1055 1396 1188; baseline -0.007 -54"><span class='ocrx_word' id='word_1_18' title='bbox 194 1070 302 1155; x_wconf 87' lang='lat' dir='ltr'>legato</span> <span class='ocrx_word' id='word_1_19' title='bbox 340 1067 518 1132; x_wconf 89' lang='lat' dir='ltr'>secundum</span> <span class='ocrx_word' id='word_1_20' title='bbox 553 1065 795 1182; x_wconf 82' lang='lat' dir='ltr'>expressionem</span> <span class='ocrx_word' id='word_1_21' title='bbox 830 1085 937 1128; x_wconf 91' lang='lat' dir='ltr'>meam</span> <span class='ocrx_word' id='word_1_22' title='bbox 980 1064 1106 1129; x_wconf 88' lang='lat' dir='ltr'>clavem</span> <span class='ocrx_word' id='word_1_23' title='bbox 1142 1061 1243 1149; x_wconf 76' lang='lat' dir='ltr'>sigilli</span> <span class='ocrx_word' id='word_1_24' title='bbox 1254 1055 1355 1188; x_wconf 45' lang='lat'>233¹&amp;</span> <span class='ocrx_word' id='word_1_25' title='bbox 1366 1056 1396 1106; x_wconf 78' lang='lat' dir='ltr'>of</span> 
     </span>
     <span class='ocr_line' id='line_1_4' title="bbox 196 1140 1413 1255; baseline -0.004 -20"><span class='ocrx_word' id='word_1_26' title='bbox 196 1171 337 1236; x_wconf 72' lang='lat' dir='ltr'>ccclesiae</span> <span class='ocrx_word' id='word_1_27' title='bbox 354 1175 388 1235; x_wconf 91' lang='lat' dir='ltr'>et</span> <span class='ocrx_word' id='word_1_28' title='bbox 402 1169 546 1255; x_wconf 85' lang='lat' dir='ltr'>sigillum</span> <span class='ocrx_word' id='word_1_29' title='bbox 562 1167 739 1254; x_wconf 88' lang='lat' dir='ltr'>proprium,</span> <span class='ocrx_word' id='word_1_30' title='bbox 754 1188 819 1252; x_wconf 87' lang='lat' dir='ltr'>quo</span> <span class='ocrx_word' id='word_1_31' title='bbox 833 1166 917 1231; x_wconf 89' lang='lat' dir='ltr'>fract</span> <span class='ocrx_word' id='word_1_32' title='bbox 902 1170 938 1231; x_wconf 94' lang='lat' dir='ltr'>o</span> <span class='ocrx_word' id='word_1_33' title='bbox 952 1166 1081 1252; x_wconf 86' lang='lat' dir='ltr'>legatus</span> <span class='ocrx_word' id='word_1_34' title='bbox 1102 1165 1245 1230; x_wconf 88' lang='lat' dir='ltr'>retinuit</span> <span class='ocrx_word' id='word_1_35' title='bbox 1255 1140 1372 1254; x_wconf 64' lang='lat' dir='ltr'>propdrty</span> <span class='ocrx_word' id='word_1_36' title='bbox 1383 1190 1413 1240; x_wconf 82' lang='lat' dir='ltr'>of</span> 
     </span>
     <span class='ocr_line' id='line_1_5' title="bbox 196 1256 1392 1374; baseline -0.004 -35"><span class='ocrx_word' id='word_1_37' title='bbox 196 1275 278 1339; x_wconf 90' lang='lat' dir='ltr'>illud</span> <span class='ocrx_word' id='word_1_38' title='bbox 300 1296 401 1360; x_wconf 89' lang='lat' dir='ltr'>penes</span> <span class='ocrx_word' id='word_1_39' title='bbox 432 1294 474 1338; x_wconf 87' lang='lat' dir='ltr'>se.</span> <span class='ocrx_word' id='word_1_40' title='bbox 520 1269 772 1337; x_wconf 83' lang='lat' dir='ltr'>Restituit¹et</span> <span class='ocrx_word' id='word_1_41' title='bbox 758 1271 840 1335; x_wconf 89' lang='lat' dir='ltr'>tiam</span> <span class='ocrx_word' id='word_1_42' title='bbox 866 1270 964 1336; x_wconf 86' lang='lat' dir='ltr'>nobis</span> <span class='ocrx_word' id='word_1_43' title='bbox 985 1276 1054 1336; x_wconf 81' lang='lat' dir='ltr'>tres</span> <span class='ocrx_word' id='word_1_44' title='bbox 1084 1291 1180 1356; x_wconf 68' lang='lat' dir='ltr'>caepas</span> <span class='ocrx_word' id='word_1_45' title='bbox 1209 1274 1244 1334; x_wconf 92' lang='lat' dir='ltr'>et</span> <span class='ocrx_word' id='word_1_46' title='bbox 1255 1256 1392 1374; x_wconf 48' lang='lat' dir='ltr'>ww</span> 
     </span>
     <span class='ocr_line' id='line_1_6' title="bbox 197 1374 1401 1455; baseline -0.002 -12"><span class='ocrx_word' id='word_1_47' title='bbox 197 1401 295 1443; x_wconf 89' lang='lat' dir='ltr'>unam</span> <span class='ocrx_word' id='word_1_48' title='bbox 323 1376 464 1442; x_wconf 82' lang='lat' dir='ltr'>casulam</span> <span class='ocrx_word' id='word_1_49' title='bbox 488 1381 522 1441; x_wconf 90' lang='lat' dir='ltr'>et</span> <span class='ocrx_word' id='word_1_50' title='bbox 544 1397 646 1440; x_wconf 89' lang='lat' dir='ltr'>unam</span> <span class='ocrx_word' id='word_1_51' title='bbox 676 1374 785 1440; x_wconf 89' lang='lat' dir='ltr'>albam</span> <span class='ocrx_word' id='word_1_52' title='bbox 809 1381 843 1441; x_wconf 93' lang='lat' dir='ltr'>et</span> <span class='ocrx_word' id='word_1_53' title='bbox 865 1376 1011 1441; x_wconf 91' lang='lat' dir='ltr'>tunicam</span> <span class='ocrx_word' id='word_1_54' title='bbox 1034 1381 1069 1441; x_wconf 91' lang='lat' dir='ltr'>et</span> <span class='ocrx_word' id='word_1_55' title='bbox 1092 1374 1401 1455; x_wconf 75' lang='lat' dir='ltr'>dalmati-possession.</span> 
     </span>
     <span class='ocr_line' id='line_1_7' title="bbox 195 1478 1245 1565; baseline -0.004 -20"><span class='ocrx_word' id='word_1_56' title='bbox 195 1504 265 1546; x_wconf 90' lang='lat' dir='ltr'>cam</span> <span class='ocrx_word' id='word_1_57' title='bbox 299 1485 334 1545; x_wconf 92' lang='lat' dir='ltr'>et</span> <span class='ocrx_word' id='word_1_58' title='bbox 363 1501 468 1545; x_wconf 91' lang='lat' dir='ltr'>unum</span> <span class='ocrx_word' id='word_1_59' title='bbox 499 1478 644 1565; x_wconf 90' lang='lat' dir='ltr'>pallium,</span> <span class='ocrx_word' id='word_1_60' title='bbox 675 1499 787 1543; x_wconf 89' lang='lat' dir='ltr'>omncs</span> <span class='ocrx_word' id='word_1_61' title='bbox 809 1482 918 1543; x_wconf 88' lang='lat' dir='ltr'>vestes</span> <span class='ocrx_word' id='word_1_62' title='bbox 953 1500 1033 1543; x_wconf 89' lang='lat' dir='ltr'>auro</span> <span class='ocrx_word' id='word_1_63' title='bbox 1065 1482 1184 1555; x_wconf 84' lang='lat' dir='ltr'>textas,</span> <span class='ocrx_word' id='word_1_64' title='bbox 1210 1486 1245 1541; x_wconf 90' lang='lat' dir='ltr'>et</span> 
     </span>
     <span class='ocr_line' id='line_1_8' title="bbox 197 1580 1245 1668; baseline -0.006 -20"><span class='ocrx_word' id='word_1_65' title='bbox 197 1584 349 1648; x_wconf 86' lang='lat' dir='ltr'>baculum</span> <span class='ocrx_word' id='word_1_66' title='bbox 373 1581 567 1668; x_wconf 81' lang='lat' dir='ltr'>pastoralem</span> <span class='ocrx_word' id='word_1_67' title='bbox 582 1586 775 1667; x_wconf 87' lang='lat' dir='ltr'>argenteum</span> <span class='ocrx_word' id='word_1_68' title='bbox 799 1603 873 1667; x_wconf 73' lang='lat' dir='ltr'>quae</span> <span class='ocrx_word' id='word_1_69' title='bbox 889 1580 1000 1645; x_wconf 91' lang='lat' dir='ltr'>omnia</span> <span class='ocrx_word' id='word_1_70' title='bbox 1021 1582 1090 1667; x_wconf 91' lang='lat' dir='ltr'>ipse</span> <span class='ocrx_word' id='word_1_71' title='bbox 1113 1584 1245 1656; x_wconf 87' lang='lat' dir='ltr'>emerat,</span> 
     </span>
    </p>

    <p class='ocr_par' dir='ltr' id='par_1_3' title="bbox 197 1682 1247 1772">
     <span class='ocr_line' id='line_1_9' title="bbox 197 1682 1247 1772; baseline -0.004 -22"><span class='ocrx_word' id='word_1_72' title='bbox 197 1707 269 1772; x_wconf 82' lang='lat' dir='ltr'>quae</span> <span class='ocrx_word' id='word_1_73' title='bbox 303 1685 405 1750; x_wconf 92' lang='lat' dir='ltr'>etiam</span> <span class='ocrx_word' id='word_1_74' title='bbox 428 1690 509 1750; x_wconf 90' lang='lat' dir='ltr'>tuno</span> <span class='ocrx_word' id='word_1_75' title='bbox 539 1682 793 1749; x_wconf 81' lang='lat' dir='ltr'>aestimabantur</span> <span class='ocrx_word' id='word_1_76' title='bbox 815 1683 858 1748; x_wconf 89' lang='lat' dir='ltr'>ad</span> <span class='ocrx_word' id='word_1_77' title='bbox 880 1683 1062 1748; x_wconf 88' lang='lat' dir='ltr'>valentiam</span> <span class='ocrx_word' id='word_1_78' title='bbox 1085 1682 1247 1769; x_wconf 88' lang='lat' dir='ltr'>quinqua-</span> 
     </span>
    </p>

    <p class='ocr_par' dir='ltr' id='par_1_4' title="bbox 197 1784 1284 2077">
     <span class='ocr_line' id='line_1_10' title="bbox 197 1784 1246 1873; baseline -0.003 -22"><span class='ocrx_word' id='word_1_79' title='bbox 197 1789 290 1873; x_wconf 84' lang='lat' dir='ltr'>ginta</span> <span class='ocrx_word' id='word_1_80' title='bbox 301 1808 494 1851; x_wconf 88' lang='lat' dir='ltr'>marearum.</span> <span class='ocrx_word' id='word_1_81' title='bbox 530 1786 691 1850; x_wconf 76' lang='lat' dir='ltr'>Restituit</span> <span class='ocrx_word' id='word_1_82' title='bbox 701 1785 803 1850; x_wconf 89' lang='lat' dir='ltr'>etiam</span> <span class='ocrx_word' id='word_1_83' title='bbox 817 1784 912 1850; x_wconf 86' lang='lat' dir='ltr'>nobis</span> <span class='ocrx_word' id='word_1_84' title='bbox 928 1786 1096 1852; x_wconf 89' lang='lat' dir='ltr'>meliorem</span> <span class='ocrx_word' id='word_1_85' title='bbox 1110 1784 1246 1849; x_wconf 84' lang='lat' dir='ltr'>rubeam</span> 
     </span>
     <span class='ocr_line' id='line_1_11' title="bbox 198 1886 1284 1974; baseline -0.004 -19"><span class='ocrx_word' id='word_1_86' title='bbox 198 1889 341 1955; x_wconf 80' lang='lat' dir='ltr'>msuiam</span> <span class='ocrx_word' id='word_1_87' title='bbox 357 1889 455 1974; x_wconf 87' lang='lat' dir='ltr'>hujus</span> <span class='ocrx_word' id='word_1_88' title='bbox 471 1888 589 1952; x_wconf 87' lang='lat' dir='ltr'>domus</span> <span class='ocrx_word' id='word_1_89' title='bbox 604 1886 644 1953; x_wconf 91' lang='lat' dir='ltr'>de</span> <span class='ocrx_word' id='word_1_90' title='bbox 660 1886 828 1965; x_wconf 69' lang='lat' dir='ltr'>examito,2</span> <span class='ocrx_word' id='word_1_91' title='bbox 842 1893 877 1952; x_wconf 90' lang='lat' dir='ltr'>et</span> <span class='ocrx_word' id='word_1_92' title='bbox 897 1887 978 1952; x_wconf 86' lang='lat' dir='ltr'>duos</span> <span class='ocrx_word' id='word_1_93' title='bbox 999 1887 1114 1953; x_wconf 81' lang='lat' dir='ltr'>calices</span> <span class='ocrx_word' id='word_1_94' title='bbox 1129 1891 1165 1952; x_wconf 92' lang='lat' dir='ltr'>et</span> <span class='ocrx_word' id='word_1_95' title='bbox 1179 1893 1247 1952; x_wconf 89' lang='lat' dir='ltr'>tres</span> <span class='ocrx_word' id='word_1_96' title='bbox 1281 1918 1284 1923; x_wconf 96' lang='lat'>·</span> 
     </span>
     <span class='ocr_line' id='line_1_12' title="bbox 199 1989 1248 2077; baseline -0.003 -21"><span class='ocrx_word' id='word_1_97' title='bbox 199 1992 348 2069; x_wconf 87' lang='lat' dir='ltr'>annulos,</span> <span class='ocrx_word' id='word_1_98' title='bbox 367 1996 401 2056; x_wconf 93' lang='lat' dir='ltr'>et</span> <span class='ocrx_word' id='word_1_99' title='bbox 421 1991 579 2076; x_wconf 84' lang='lat' dir='ltr'>quasdam</span> <span class='ocrx_word' id='word_1_100' title='bbox 602 1995 708 2055; x_wconf 86' lang='lat' dir='ltr'>cartas</span> <span class='ocrx_word' id='word_1_101' title='bbox 725 1993 760 2055; x_wconf 89' lang='lat' dir='ltr'>et</span> <span class='ocrx_word' id='word_1_102' title='bbox 774 1990 926 2075; x_wconf 87' lang='lat' dir='ltr'>quaedam</span> <span class='ocrx_word' id='word_1_103' title='bbox 948 1989 1121 2077; x_wconf 87' lang='lat' dir='ltr'>privilegia</span> <span class='ocrx_word' id='word_1_104' title='bbox 1135 1994 1248 2054; x_wconf 91' lang='lat' dir='ltr'>nostra</span> 
     </span>
    </p>

    <p class='ocr_par' dir='ltr' id='par_1_5' title="bbox 200 2093 1249 2180">
     <span class='ocr_line' id='line_1_13' title="bbox 200 2093 1249 2180; baseline -0.003 -21"><span class='ocrx_word' id='word_1_105' title='bbox 200 2102 270 2160; x_wconf 91' lang='lat' dir='ltr'>tam</span> <span class='ocrx_word' id='word_1_106' title='bbox 293 2116 495 2159; x_wconf 88' lang='lat' dir='ltr'>summorum</span> <span class='ocrx_word' id='word_1_107' title='bbox 530 2093 723 2179; x_wconf 90' lang='lat' dir='ltr'>pontificum</span> <span class='ocrx_word' id='word_1_108' title='bbox 749 2114 849 2178; x_wconf 88' lang='lat' dir='ltr'>quam</span> <span class='ocrx_word' id='word_1_109' title='bbox 876 2116 1000 2180; x_wconf 90' lang='lat' dir='ltr'>regum,</span> <span class='ocrx_word' id='word_1_110' title='bbox 1027 2114 1102 2178; x_wconf 86' lang='lat' dir='ltr'>quae</span> <span class='ocrx_word' id='word_1_111' title='bbox 1137 2093 1249 2158; x_wconf 90' lang='lat' dir='ltr'>omnia</span> 
     </span>
    </p>

    <p class='ocr_par' dir='ltr' id='par_1_6' title="bbox 199 2196 1249 2271">
     <span class='ocr_line' id='line_1_14' title="bbox 199 2196 1249 2271; baseline -0.005 -8"><span class='ocrx_word' id='word_1_112' title='bbox 199 2198 260 2263; x_wconf 86' lang='lat' dir='ltr'>sibi</span> <span class='ocrx_word' id='word_1_113' title='bbox 285 2203 473 2262; x_wconf 77' lang='lat' dir='ltr'>attraxerat</span> <span class='ocrx_word' id='word_1_114' title='bbox 497 2200 537 2260; x_wconf 89' lang='lat' dir='ltr'>ut</span> <span class='ocrx_word' id='word_1_115' title='bbox 563 2217 602 2260; x_wconf 87' lang='lat' dir='ltr'>ea</span> <span class='ocrx_word' id='word_1_116' title='bbox 617 2218 636 2259; x_wconf 91' lang='lat' dir='ltr'>a</span> <span class='ocrx_word' id='word_1_117' title='bbox 652 2196 749 2260; x_wconf 93' lang='lat' dir='ltr'>domo</span> <span class='ocrx_word' id='word_1_118' title='bbox 764 2196 830 2260; x_wconf 90' lang='lat' dir='ltr'>ista</span> <span class='ocrx_word' id='word_1_119' title='bbox 851 2196 1019 2271; x_wconf 88' lang='lat' dir='ltr'>alienaret,</span> <span class='ocrx_word' id='word_1_120' title='bbox 1035 2218 1076 2261; x_wconf 92' lang='lat' dir='ltr'>ne</span> <span class='ocrx_word' id='word_1_121' title='bbox 1091 2196 1177 2260; x_wconf 89' lang='lat' dir='ltr'>alius</span> <span class='ocrx_word' id='word_1_122' title='bbox 1191 2196 1249 2259; x_wconf 91' lang='lat' dir='ltr'>illa</span> 
     </span>
    </p>

    <p class='ocr_par' dir='ltr' id='par_1_7' title="bbox 201 2297 1249 2487">
     <span class='ocr_line' id='line_1_15' title="bbox 201 2297 1248 2387; baseline -0.004 -22"><span class='ocrx_word' id='word_1_123' title='bbox 201 2305 275 2387; x_wconf 87' lang='lat' dir='ltr'>post</span> <span class='ocrx_word' id='word_1_124' title='bbox 290 2299 384 2364; x_wconf 93' lang='lat' dir='ltr'>illum</span> <span class='ocrx_word' id='word_1_125' title='bbox 399 2297 566 2386; x_wconf 84' lang='lat' dir='ltr'>gauderet,</span> <span class='ocrx_word' id='word_1_126' title='bbox 583 2297 670 2363; x_wconf 90' lang='lat' dir='ltr'>sicut</span> <span class='ocrx_word' id='word_1_127' title='bbox 692 2298 761 2383; x_wconf 90' lang='lat' dir='ltr'>ipse</span> <span class='ocrx_word' id='word_1_128' title='bbox 784 2319 869 2384; x_wconf 80' lang='lat' dir='ltr'>saepe</span> <span class='ocrx_word' id='word_1_129' title='bbox 890 2298 1110 2363; x_wconf 87' lang='lat' dir='ltr'>comminatus</span> <span class='ocrx_word' id='word_1_130' title='bbox 1131 2298 1248 2363; x_wconf 86' lang='lat' dir='ltr'>fuerat.</span> 
     </span>
     <span class='ocr_line' id='line_1_16' title="bbox 202 2399 1249 2487; baseline -0.004 -20"><span class='ocrx_word' id='word_1_131' title='bbox 202 2404 417 2487; x_wconf 85' lang='lat' dir='ltr'>Proposuerat</span> <span class='ocrx_word' id='word_1_132' title='bbox 449 2401 546 2477; x_wconf 90' lang='lat' dir='ltr'>enim,</span> <span class='ocrx_word' id='word_1_133' title='bbox 576 2404 616 2463; x_wconf 88' lang='lat' dir='ltr'>at</span> <span class='ocrx_word' id='word_1_134' title='bbox 645 2400 715 2485; x_wconf 87' lang='lat' dir='ltr'>ipse</span> <span class='ocrx_word' id='word_1_135' title='bbox 749 2421 835 2485; x_wconf 80' lang='lat' dir='ltr'>crepe</span> <span class='ocrx_word' id='word_1_136' title='bbox 865 2399 1042 2477; x_wconf 89' lang='lat' dir='ltr'>fatebatur,</span> <span class='ocrx_word' id='word_1_137' title='bbox 1073 2399 1162 2485; x_wconf 90' lang='lat' dir='ltr'>quod</span> <span class='ocrx_word' id='word_1_138' title='bbox 1193 2400 1249 2463; x_wconf 93' lang='lat' dir='ltr'>do-</span> 
     </span>
    </p>

    <p class='ocr_par' dir='ltr' id='par_1_8' title="bbox 201 2501 1251 2588">
     <span class='ocr_line' id='line_1_17' title="bbox 201 2501 1251 2588; baseline -0.002 -19"><span class='ocrx_word' id='word_1_139' title='bbox 201 2528 291 2569; x_wconf 92' lang='lat' dir='ltr'>mum</span> <span class='ocrx_word' id='word_1_140' title='bbox 307 2506 405 2569; x_wconf 88' lang='lat' dir='ltr'>istam</span> <span class='ocrx_word' id='word_1_141' title='bbox 420 2503 455 2566; x_wconf 93' lang='lat' dir='ltr'>in</span> <span class='ocrx_word' id='word_1_142' title='bbox 471 2508 633 2588; x_wconf 87' lang='lat' dir='ltr'>quantum</span> <span class='ocrx_word' id='word_1_143' title='bbox 652 2506 763 2588; x_wconf 86' lang='lat' dir='ltr'>posset</span> <span class='ocrx_word' id='word_1_144' title='bbox 777 2523 841 2567; x_wconf 81' lang='lat' dir='ltr'>aere</span> <span class='ocrx_word' id='word_1_145' title='bbox 856 2501 964 2567; x_wconf 89' lang='lat' dir='ltr'>alieno</span> <span class='ocrx_word' id='word_1_146' title='bbox 984 2508 1144 2582; x_wconf 88' lang='lat' dir='ltr'>oneraret,</span> <span class='ocrx_word' id='word_1_147' title='bbox 1166 2502 1251 2567; x_wconf 89' lang='lat' dir='ltr'>sicut</span> 
     </span>
    </p>

    <p class='ocr_par' dir='ltr' id='par_1_9' title="bbox 202 2604 1251 2796">
     <span class='ocr_line' id='line_1_18' title="bbox 202 2604 1250 2691; baseline -0.002 -20"><span class='ocrx_word' id='word_1_148' title='bbox 202 2608 266 2673; x_wconf 85' lang='lat' dir='ltr'>fere</span> <span class='ocrx_word' id='word_1_149' title='bbox 276 2607 346 2691; x_wconf 80' lang='lat' dir='ltr'>jam</span> <span class='ocrx_word' id='word_1_150' title='bbox 363 2607 493 2681; x_wconf 86' lang='lat' dir='ltr'>fecerat,</span> <span class='ocrx_word' id='word_1_151' title='bbox 509 2611 544 2671; x_wconf 90' lang='lat' dir='ltr'>et</span> <span class='ocrx_word' id='word_1_152' title='bbox 559 2605 648 2691; x_wconf 88' lang='lat' dir='ltr'>quod</span> <span class='ocrx_word' id='word_1_153' title='bbox 663 2604 837 2691; x_wconf 86' lang='lat' dir='ltr'>privilegia</span> <span class='ocrx_word' id='word_1_154' title='bbox 851 2611 885 2671; x_wconf 90' lang='lat' dir='ltr'>et</span> <span class='ocrx_word' id='word_1_155' title='bbox 901 2610 1095 2670; x_wconf 87' lang='lat' dir='ltr'>ornamenta</span> <span class='ocrx_word' id='word_1_156' title='bbox 1109 2606 1250 2672; x_wconf 82' lang='lat' dir='ltr'>ccclesiae</span> 
     </span>
     <span class='ocr_line' id='line_1_19' title="bbox 203 2707 1251 2796; baseline -0.001 -22"><span class='ocrx_word' id='word_1_157' title='bbox 203 2732 403 2796; x_wconf 75' lang='lat' dir='ltr'>quaecunque</span> <span class='ocrx_word' id='word_1_158' title='bbox 430 2713 539 2795; x_wconf 88' lang='lat' dir='ltr'>posset</span> <span class='ocrx_word' id='word_1_159' title='bbox 570 2708 700 2794; x_wconf 85' lang='lat' dir='ltr'>pignori</span> <span class='ocrx_word' id='word_1_160' title='bbox 724 2707 907 2794; x_wconf 83' lang='lat' dir='ltr'>obligaret3</span> <span class='ocrx_word' id='word_1_161' title='bbox 941 2713 975 2773; x_wconf 89' lang='lat' dir='ltr'>et</span> <span class='ocrx_word' id='word_1_162' title='bbox 1007 2730 1110 2794; x_wconf 90' lang='lat' dir='ltr'>quum</span> <span class='ocrx_word' id='word_1_163' title='bbox 1141 2710 1251 2774; x_wconf 91' lang='lat' dir='ltr'>omnia</span> 
     </span>
    </p>

    <p class='ocr_par' dir='ltr' id='par_1_10' title="bbox 204 2810 1252 2898">
     <span class='ocr_line' id='line_1_20' title="bbox 204 2810 1252 2898; baseline -0.001 -22"><span class='ocrx_word' id='word_1_164' title='bbox 204 2813 239 2877; x_wconf 92' lang='lat' dir='ltr'>in</span> <span class='ocrx_word' id='word_1_165' title='bbox 262 2834 353 2876; x_wconf 90' lang='lat' dir='ltr'>suam</span> <span class='ocrx_word' id='word_1_166' title='bbox 385 2810 543 2897; x_wconf 87' lang='lat' dir='ltr'>abyssum</span> <span class='ocrx_word' id='word_1_167' title='bbox 571 2831 776 2896; x_wconf 87' lang='lat' dir='ltr'>quaecunque</span> <span class='ocrx_word' id='word_1_168' title='bbox 809 2814 920 2897; x_wconf 90' lang='lat' dir='ltr'>posset</span> <span class='ocrx_word' id='word_1_169' title='bbox 943 2817 1180 2898; x_wconf 82' lang='lat' dir='ltr'>congregasset,</span> <span class='ocrx_word' id='word_1_170' title='bbox 1203 2834 1252 2876; x_wconf 90' lang='lat' dir='ltr'>re-</span> 
     </span>
    </p>

    <p class='ocr_par' dir='ltr' id='par_1_11' title="bbox 204 2913 1252 3001">
     <span class='ocr_line' id='line_1_21' title="bbox 204 2913 1252 3001; baseline 0 -22"><span class='ocrx_word' id='word_1_171' title='bbox 204 2915 330 2980; x_wconf 87' lang='lat' dir='ltr'>cederet</span> <span class='ocrx_word' id='word_1_172' title='bbox 353 2936 372 2977; x_wconf 89' lang='lat' dir='ltr'>a</span> <span class='ocrx_word' id='word_1_173' title='bbox 399 2914 495 2976; x_wconf 91' lang='lat' dir='ltr'>domo</span> <span class='ocrx_word' id='word_1_174' title='bbox 519 2914 592 2991; x_wconf 86' lang='lat' dir='ltr'>ista,</span> <span class='ocrx_word' id='word_1_175' title='bbox 616 2934 658 2976; x_wconf 91' lang='lat' dir='ltr'>ne</span> <span class='ocrx_word' id='word_1_176' title='bbox 680 2913 769 2977; x_wconf 90' lang='lat' dir='ltr'>inter</span> <span class='ocrx_word' id='word_1_177' title='bbox 791 2935 850 2978; x_wconf 93' lang='lat' dir='ltr'>nos</span> <span class='ocrx_word' id='word_1_178' title='bbox 873 2935 967 2979; x_wconf 87' lang='lat' dir='ltr'>canes</span> <span class='ocrx_word' id='word_1_179' title='bbox 997 2913 1059 3001; x_wconf 83' lang='lat' dir='ltr'>(sic</span> <span class='ocrx_word' id='word_1_180' title='bbox 1082 2915 1170 2979; x_wconf 89' lang='lat' dir='ltr'>enim</span> <span class='ocrx_word' id='word_1_181' title='bbox 1193 2938 1252 2980; x_wconf 87' lang='lat' dir='ltr'>nos</span> 
     </span>
    </p>

    <p class='ocr_par' dir='ltr' id='par_1_12' title="bbox 205 3016 1296 3204">
     <span class='ocr_line' id='line_1_22' title="bbox 205 3016 1296 3102; baseline 0.001 -22"><span class='ocrx_word' id='word_1_182' title='bbox 205 3039 319 3082; x_wconf 89' lang='lat' dir='ltr'>vocare</span> <span class='ocrx_word' id='word_1_183' title='bbox 353 3016 538 3099; x_wconf 83' lang='lat' dir='ltr'>consuevit)</span> <span class='ocrx_word' id='word_1_184' title='bbox 575 3020 757 3079; x_wconf 87' lang='lat' dir='ltr'>moreretur</span> <span class='ocrx_word' id='word_1_185' title='bbox 800 3020 835 3080; x_wconf 89' lang='lat' dir='ltr'>et</span> <span class='ocrx_word' id='word_1_186' title='bbox 869 3016 1070 3102; x_wconf 88' lang='lat' dir='ltr'>sepeliretur.</span> <span class='ocrx_word' id='word_1_187' title='bbox 1128 3017 1173 3081; x_wconf 81' lang='lat' dir='ltr'>Et</span> <span class='ocrx_word' id='word_1_188' title='bbox 1207 3018 1252 3081; x_wconf 83' lang='lat' dir='ltr'>sic</span> <span class='ocrx_word' id='word_1_189' title='bbox 1287 3050 1296 3059; x_wconf 91' lang='lat'><strong>·</strong></span> 
     </span>
     <span class='ocr_line' id='line_1_23' title="bbox 205 3117 1252 3204; baseline -0.002 -21"><span class='ocrx_word' id='word_1_190' title='bbox 205 3141 316 3185; x_wconf 78' lang='lat' dir='ltr'>revera</span> <span class='ocrx_word' id='word_1_191' title='bbox 340 3118 593 3204; x_wconf 88' lang='lat' dir='ltr'>prophetaverat</span> <span class='ocrx_word' id='word_1_192' title='bbox 617 3117 680 3180; x_wconf 89' lang='lat' dir='ltr'>sibi</span> <span class='ocrx_word' id='word_1_193' title='bbox 708 3117 840 3182; x_wconf 74' lang='lat' dir='ltr'>niodum.</span> <span class='ocrx_word' id='word_1_194' title='bbox 888 3117 1051 3182; x_wconf 87' lang='lat' dir='ltr'>Omnibus</span> <span class='ocrx_word' id='word_1_195' title='bbox 1074 3118 1177 3204; x_wconf 89' lang='lat' dir='ltr'>igitur</span> <span class='ocrx_word' id='word_1_196' title='bbox 1200 3118 1252 3183; x_wconf 81' lang='lat' dir='ltr'>his</span> 
     </span>
    </p>

    <p class='ocr_par' dir='ltr' id='par_1_13' title="bbox 205 3219 1252 3407">
     <span class='ocr_line' id='line_1_24' title="bbox 205 3219 1252 3306; baseline 0 -21"><span class='ocrx_word' id='word_1_197' title='bbox 205 3222 297 3285; x_wconf 88' lang='lat' dir='ltr'>nobis</span> <span class='ocrx_word' id='word_1_198' title='bbox 334 3221 507 3295; x_wconf 82' lang='lat' dir='ltr'>restitutis,</span> <span class='ocrx_word' id='word_1_199' title='bbox 547 3219 703 3306; x_wconf 71' lang='lat' dir='ltr'>praecepit</span> <span class='ocrx_word' id='word_1_200' title='bbox 729 3220 881 3282; x_wconf 69' lang='lat' dir='ltr'>dontinus</span> <span class='ocrx_word' id='word_1_201' title='bbox 916 3220 1044 3304; x_wconf 83' lang='lat' dir='ltr'>legatus</span> <span class='ocrx_word' id='word_1_202' title='bbox 1074 3220 1189 3284; x_wconf 91' lang='lat' dir='ltr'>abbati</span> <span class='ocrx_word' id='word_1_203' title='bbox 1212 3222 1252 3285; x_wconf 87' lang='lat' dir='ltr'>de</span> 
     </span>
     <span class='ocr_line' id='line_1_25' title="bbox 208 3320 1252 3407; baseline 0 -22"><span class='ocrx_word' id='word_1_204' title='bbox 208 3323 473 3388; x_wconf 88' lang='lat' dir='ltr'>Winchelcumba</span> <span class='ocrx_word' id='word_1_205' title='bbox 492 3322 562 3406; x_wconf 85' lang='lat' dir='ltr'>(qui</span> <span class='ocrx_word' id='word_1_206' title='bbox 578 3342 704 3407; x_wconf 88' lang='lat' dir='ltr'>semper</span> <span class='ocrx_word' id='word_1_207' title='bbox 719 3321 750 3384; x_wconf 91' lang='lat' dir='ltr'>ei</span> <span class='ocrx_word' id='word_1_208' title='bbox 768 3320 914 3405; x_wconf 87' lang='lat' dir='ltr'>favebat)</span> <span class='ocrx_word' id='word_1_209' title='bbox 933 3327 972 3384; x_wconf 93' lang='lat' dir='ltr'>ut</span> <span class='ocrx_word' id='word_1_210' title='bbox 988 3320 1083 3385; x_wconf 89' lang='lat' dir='ltr'>illum</span> <span class='ocrx_word' id='word_1_211' title='bbox 1099 3322 1252 3387; x_wconf 85' lang='lat' dir='ltr'>irraditu-</span> 
     </span>
    </p>

    <p class='ocr_par' dir='ltr' id='par_1_14' title="bbox 205 3420 1253 3612">
     <span class='ocr_line' id='line_1_26' title="bbox 205 3420 1253 3510; baseline 0 -22"><span class='ocrx_word' id='word_1_212' title='bbox 205 3449 275 3489; x_wconf 87' lang='lat' dir='ltr'>mm</span> <span class='ocrx_word' id='word_1_213' title='bbox 299 3448 319 3488; x_wconf 90' lang='lat' dir='ltr'>a</span> <span class='ocrx_word' id='word_1_214' title='bbox 342 3425 486 3510; x_wconf 83' lang='lat' dir='ltr'>capitulo</span> <span class='ocrx_word' id='word_1_215' title='bbox 514 3425 673 3488; x_wconf 89' lang='lat' dir='ltr'>educeret.</span> <span class='ocrx_word' id='word_1_216' title='bbox 731 3423 827 3502; x_wconf 80' lang='lat' dir='ltr'>Quod</span> <span class='ocrx_word' id='word_1_217' title='bbox 850 3429 884 3488; x_wconf 92' lang='lat' dir='ltr'>et</span> <span class='ocrx_word' id='word_1_218' title='bbox 907 3422 1030 3487; x_wconf 74' lang='lat' dir='ltr'>iactum</span> <span class='ocrx_word' id='word_1_219' title='bbox 1053 3430 1109 3488; x_wconf 87' lang='lat' dir='ltr'>est.</span> <span class='ocrx_word' id='word_1_220' title='bbox 1161 3420 1253 3489; x_wconf 85' lang='lat' dir='ltr'>Tunc</span> 
     </span>
     <span class='ocr_line' id='line_1_27' title="bbox 206 3525 1253 3612; baseline 0 -20"><span class='ocrx_word' id='word_1_221' title='bbox 206 3527 373 3592; x_wconf 82' lang='lat' dir='ltr'>consolans</span> <span class='ocrx_word' id='word_1_222' title='bbox 398 3548 457 3589; x_wconf 87' lang='lat' dir='ltr'>nos</span> <span class='ocrx_word' id='word_1_223' title='bbox 480 3525 608 3612; x_wconf 88' lang='lat' dir='ltr'>legatus</span> <span class='ocrx_word' id='word_1_224' title='bbox 641 3525 799 3612; x_wconf 81' lang='lat' dir='ltr'>pracepit</span> <span class='ocrx_word' id='word_1_225' title='bbox 822 3530 862 3590; x_wconf 93' lang='lat' dir='ltr'>ut</span> <span class='ocrx_word' id='word_1_226' title='bbox 893 3525 1110 3610; x_wconf 81' lang='lat' dir='ltr'>cogitaremus</span> <span class='ocrx_word' id='word_1_227' title='bbox 1133 3526 1174 3592; x_wconf 90' lang='lat' dir='ltr'>de</span> <span class='ocrx_word' id='word_1_228' title='bbox 1196 3527 1253 3591; x_wconf 90' lang='lat' dir='ltr'>ab·</span> 
     </span>
    </p>

    <p class='ocr_par' dir='ltr' id='par_1_15' title="bbox 206 3627 1254 3709">
     <span class='ocr_line' id='line_1_28' title="bbox 206 3627 1254 3709; baseline 0.005 -19"><span class='ocrx_word' id='word_1_229' title='bbox 206 3631 281 3695; x_wconf 83' lang='lat' dir='ltr'>bate</span> <span class='ocrx_word' id='word_1_230' title='bbox 319 3629 571 3709; x_wconf 87' lang='lat' dir='ltr'>substituendo;</span> <span class='ocrx_word' id='word_1_231' title='bbox 607 3632 649 3705; x_wconf 90' lang='lat' dir='ltr'>ot,</span> <span class='ocrx_word' id='word_1_232' title='bbox 685 3628 764 3691; x_wconf 88' lang='lat' dir='ltr'>data</span> <span class='ocrx_word' id='word_1_233' title='bbox 793 3627 1031 3709; x_wconf 88' lang='lat' dir='ltr'>benedictione,</span> <span class='ocrx_word' id='word_1_234' title='bbox 1063 3630 1254 3695; x_wconf 82' lang='lat' dir='ltr'>recessimus</span> 
     </span>
    </p>

    <p class='ocr_par' dir='ltr' id='par_1_16' title="bbox 206 3731 1254 3816">
     <span class='ocr_line' id='line_1_29' title="bbox 206 3731 1254 3816; baseline 0 -19"><span class='ocrx_word' id='word_1_235' title='bbox 206 3754 316 3797; x_wconf 84' lang='lat' dir='ltr'>omnes</span> <span class='ocrx_word' id='word_1_236' title='bbox 343 3755 363 3795; x_wconf 90' lang='lat' dir='ltr'>a</span> <span class='ocrx_word' id='word_1_237' title='bbox 393 3731 545 3816; x_wconf 79' lang='lat' dir='ltr'>capitulo,</span> <span class='ocrx_word' id='word_1_238' title='bbox 577 3731 759 3816; x_wconf 87' lang='lat' dir='ltr'>gaudentes</span> <span class='ocrx_word' id='word_1_239' title='bbox 784 3731 863 3816; x_wconf 87' lang='lat' dir='ltr'>quia</span> <span class='ocrx_word' id='word_1_240' title='bbox 896 3732 1042 3816; x_wconf 89' lang='lat' dir='ltr'>perdidit</span> <span class='ocrx_word' id='word_1_241' title='bbox 1071 3732 1162 3798; x_wconf 75' lang='lat' dir='ltr'>Deus</span> <span class='ocrx_word' id='word_1_242' title='bbox 1195 3734 1254 3797; x_wconf 90' lang='lat' dir='ltr'>im-</span> 
     </span>
    </p>
   </div>
   <div class='ocr_carea' id='block_1_3' title="bbox 206 3833 1054 3921">
    <p class='ocr_par' dir='ltr' id='par_1_17' title="bbox 206 3833 1054 3921">
     <span class='ocr_line' id='line_1_30' title="bbox 206 3833 1054 3921; baseline 0.001 -25"><span class='ocrx_word' id='word_1_243' title='bbox 206 3836 294 3921; x_wconf 87' lang='lat' dir='ltr'>pium</span> <span class='ocrx_word' id='word_1_244' title='bbox 319 3839 353 3899; x_wconf 90' lang='lat' dir='ltr'>et</span> <span class='ocrx_word' id='word_1_245' title='bbox 375 3834 572 3898; x_wconf 85' lang='lat' dir='ltr'>liberaverat</span> <span class='ocrx_word' id='word_1_246' title='bbox 595 3855 656 3897; x_wconf 89' lang='lat' dir='ltr'>nos</span> <span class='ocrx_word' id='word_1_247' title='bbox 679 3833 720 3896; x_wconf 90' lang='lat' dir='ltr'>de</span> <span class='ocrx_word' id='word_1_248' title='bbox 743 3855 845 3897; x_wconf 92' lang='lat' dir='ltr'>manu</span> <span class='ocrx_word' id='word_1_249' title='bbox 869 3834 1054 3898; x_wconf 89' lang='lat' dir='ltr'>Pharaonis.</span> 
     </span>
    </p>
   </div>
   <div class='ocr_carea' id='block_1_4' title="bbox 209 4055 1256 4328">
    <p class='ocr_par' dir='ltr' id='par_1_18' title="bbox 209 4055 1256 4328">
     <span class='ocr_line' id='line_1_31' title="bbox 209 4055 1256 4144; baseline 0.005 -21"><span class='ocrx_word' id='word_1_250' title='bbox 209 4058 297 4141; x_wconf 72' lang='lat' dir='ltr'>Quot</span> <span class='ocrx_word' id='word_1_251' title='bbox 301 4057 363 4122; x_wconf 77' lang='lat' dir='ltr'>iter</span> <span class='ocrx_word' id='word_1_252' title='bbox 390 4056 477 4143; x_wconf 73' lang='lat' dir='ltr'>legat</span> <span class='ocrx_word' id='word_1_253' title='bbox 477 4079 517 4121; x_wconf 73' lang='lat' dir='ltr'>aas</span> <span class='ocrx_word' id='word_1_254' title='bbox 541 4055 655 4122; x_wconf 75' lang='lat' dir='ltr'>dederi</span> <span class='ocrx_word' id='word_1_255' title='bbox 659 4057 860 4124; x_wconf 76' lang='lat' dir='ltr'>tticaobba</span> <span class='ocrx_word' id='word_1_256' title='bbox 832 4058 1083 4144; x_wconf 50' lang='lat' dir='ltr'>emaciatum</span> <span class='ocrx_word' id='word_1_257' title='bbox 1111 4062 1256 4128; x_wconf 81' lang='lat' dir='ltr'>chca·</span> 
     </span>
     <span class='ocr_line' id='line_1_32' title="bbox 296 4159 1255 4282; baseline 0.013 -63"><span class='ocrx_word' id='word_1_258' title='bbox 296 4160 455 4249; x_wconf 67' lang='lat' dir='ltr'>eruptum,</span> <span class='ocrx_word' id='word_1_259' title='bbox 491 4167 519 4225; x_wconf 85' lang='lat' dir='ltr'>ct</span> <span class='ocrx_word' id='word_1_260' title='bbox 554 4160 704 4282; x_wconf 67' lang='lat' dir='ltr'>eruditor</span> <span class='ocrx_word' id='word_1_261' title='bbox 742 4182 775 4226; x_wconf 85' lang='lat' dir='ltr'>se</span> <span class='ocrx_word' id='word_1_262' title='bbox 815 4159 974 4226; x_wconf 65' lang='lat' dir='ltr'>tribuerit</span> <span class='ocrx_word' id='word_1_263' title='bbox 960 4168 1084 4249; x_wconf 80' lang='lat' dir='ltr'>ttpoa</span> <span class='ocrx_word' id='word_1_264' title='bbox 1127 4164 1255 4253; x_wconf 80' lang='lat' dir='ltr'>deposi-</span> 
     </span>
     <span class='ocr_line' id='line_1_33' title="bbox 297 4263 556 4328; baseline -0.008 -1"><span class='ocrx_word' id='word_1_265' title='bbox 297 4263 369 4328; x_wconf 77' lang='lat' dir='ltr'>tioa</span> <span class='ocrx_word' id='word_1_266' title='bbox 361 4285 425 4328; x_wconf 74' lang='lat' dir='ltr'>acra</span> <span class='ocrx_word' id='word_1_267' title='bbox 449 4285 556 4327; x_wconf 80' lang='lat' dir='ltr'>suom.</span> 
     </span>
    </p>
   </div>
   <div class='ocr_carea' id='block_1_5' title="bbox 207 4388 1420 4667">
    <p class='ocr_par' dir='ltr' id='par_1_19' title="bbox 207 4388 1420 4655">
     <span class='ocr_line' id='line_1_34' title="bbox 252 4388 1420 4474; baseline 0.002 -23"><span class='ocrx_word' id='word_1_268' title='bbox 252 4388 374 4467; x_wconf 82' lang='lat' dir='ltr'>Quinta</span> <span class='ocrx_word' id='word_1_269' title='bbox 393 4395 467 4474; x_wconf 86' lang='lat' dir='ltr'>post</span> <span class='ocrx_word' id='word_1_270' title='bbox 483 4389 553 4454; x_wconf 84' lang='lat' dir='ltr'>hac</span> <span class='ocrx_word' id='word_1_271' title='bbox 569 4389 622 4451; x_wconf 86' lang='lat' dir='ltr'>die</span> <span class='ocrx_word' id='word_1_272' title='bbox 638 4388 680 4451; x_wconf 87' lang='lat' dir='ltr'>ad</span> <span class='ocrx_word' id='word_1_273' title='bbox 695 4388 891 4474; x_wconf 89' lang='lat' dir='ltr'>petitionem</span> <span class='ocrx_word' id='word_1_274' title='bbox 906 4397 1088 4455; x_wconf 88' lang='lat' dir='ltr'>conventus</span> <span class='ocrx_word' id='word_1_275' title='bbox 1103 4393 1238 4458; x_wconf 89' lang='lat' dir='ltr'>misertu</span> <span class='ocrx_word' id='word_1_276' title='bbox 1240 4403 1322 4459; x_wconf 79' lang='lat' dir='ltr'>sne·</span> <span class='ocrx_word' id='word_1_277' title='bbox 1316 4419 1337 4453; x_wconf 77' lang='lat' dir='ltr'>rs</span> <span class='ocrx_word' id='word_1_278' title='bbox 1348 4404 1420 4453; x_wconf 76' lang='lat' dir='ltr'>made</span> 
     </span>
     <span class='ocr_line' id='line_1_35' title="bbox 207 4471 1384 4588; baseline 0.002 -34"><span class='ocrx_word' id='word_1_279' title='bbox 207 4490 295 4555; x_wconf 90' lang='lat' dir='ltr'>illius</span> <span class='ocrx_word' id='word_1_280' title='bbox 319 4492 471 4555; x_wconf 81' lang='lat' dir='ltr'>&lt;lominus</span> <span class='ocrx_word' id='word_1_281' title='bbox 494 4490 631 4577; x_wconf 86' lang='lat' dir='ltr'>legatus,</span> <span class='ocrx_word' id='word_1_282' title='bbox 656 4491 749 4556; x_wconf 83' lang='lat' dir='ltr'>dedit</span> <span class='ocrx_word' id='word_1_283' title='bbox 779 4492 810 4556; x_wconf 90' lang='lat' dir='ltr'>ei</span> <span class='ocrx_word' id='word_1_284' title='bbox 840 4491 1023 4577; x_wconf 89' lang='lat' dir='ltr'>prioratum</span> <span class='ocrx_word' id='word_1_285' title='bbox 1050 4494 1091 4559; x_wconf 88' lang='lat' dir='ltr'>de</span> <span class='ocrx_word' id='word_1_286' title='bbox 1124 4494 1256 4561; x_wconf 86' lang='lat' dir='ltr'>Penwr-</span> <span class='ocrx_word' id='word_1_287' title='bbox 1267 4471 1384 4588; x_wconf 46' lang='grc' dir='ltr'>ἷξξξὲξ</span> 
     </span>
     <span class='ocr_line' id='line_1_36' title="bbox 1211 4606 1400 4667; baseline 0 -12"><span class='ocrx_word' id='word_1_288' title='bbox 1211 4606 1344 4667; x_wconf 84' lang='lat' dir='ltr'>..-.,tham</span> <span class='ocrx_word' id='word_1_289' title='bbox 1355 4606 1400 4655; x_wconf 84' lang='lat' dir='ltr'>but</span> 
     </span>
    </p>
   </div>
   <div class='ocr_carea' id='block_1_6' title="bbox 247 4711 1128 4778">
    <p class='ocr_par' dir='ltr' id='par_1_20' title="bbox 247 4711 1128 4778">
     <span class='ocr_line' id='line_1_37' title="bbox 247 4711 1128 4778; baseline 0.005 -19"><span class='ocrx_word' id='word_1_290' title='bbox 247 4713 251 4739; x_wconf 86' lang='lat'>¹</span> <span class='ocrx_word' id='word_1_291' title='bbox 264 4712 381 4776; x_wconf 77' lang='lat' dir='ltr'>restitnit]</span> <span class='ocrx_word' id='word_1_292' title='bbox 395 4711 529 4769; x_wconf 65' lang='lat' dir='ltr'>restitituit</span> <span class='ocrx_word' id='word_1_293' title='bbox 543 4711 597 4760; x_wconf 57' lang='lat' dir='ltr'>bles.</span> <span class='ocrx_word' id='word_1_294' title='bbox 731 4714 735 4778; x_wconf 79' lang='grc' dir='ltr'>Ι</span> <span class='ocrx_word' id='word_1_295' title='bbox 782 4714 918 4778; x_wconf 50' lang='lat' dir='ltr'>hemma]</span> <span class='ocrx_word' id='word_1_296' title='bbox 932 4715 1059 4776; x_wconf 76' lang='lat' dir='ltr'>exaruitto,</span> <span class='ocrx_word' id='word_1_297' title='bbox 1072 4717 1128 4767; x_wconf 71' lang='lat' dir='ltr'>MS.</span> 
     </span>
    </p>
   </div>
   <div class='ocr_carea' id='block_1_7' title="bbox 0 0 1662 5656">
    <p class='ocr_par' dir='ltr' id='par_1_21' title="bbox 0 0 1662 5656">
     <span class='ocr_line' id='line_1_38' title="bbox 0 0 1662 5656; baseline 0 0"><span class='ocrx_word' id='word_1_298' title='bbox 0 0 1662 5656; x_wconf 95' lang='lat' dir='ltr'> </span> 
     </span>
    </p>
   </div>
  </div>
 </body>
</html>
