3270 5656
277 766 320 829 60
476 778 678 831 caueamur
701 777 860 831 inmun
882 780 929 831 ua
952 777 1122 831 evm

153 984 221 1035 Am,
279 964 361 1045 Quia
394 962 597 1029 adstantium
639 971 673 1030 et
704 968 772 1029 tam
805 965 888 1029 mira
925 964 1109 1031 videntium
1146 964 1326 1031 secundum

112 1055 370 1152 ¹⁰⁷⁷·¹⁰⁸⁶·p0eue
393 1088 457 1130 nou
481 1065 628 1131 laudabit
651 1065 853 1131 Dominuml
898 1064 980 1147 Quia
1003 1072 1072 1133 tam
1102 1065 1231 1153 insigne
1253 1088 1328 1153 pru-

277 1169 402 1255 digium
425 1168 534 1233 minue
564 1167 770 1254 praedicabile
796 1168 1012 1234 {aestimaverit
1041 1190 1138 1256 quam
1169 1168 1199 1234 ai
1228 1190 1327 1256 super

275 1293 376 1356 aquae
399 1271 496 1336 ieritl
554 1269 731 1356 Utrunque
761 1271 883 1335 etenim
913 1276 1026 1336 eontra
1060 1271 1164 1357 legem
1194 1275 1325 1337 naturae

274 1373 344 1438 fieri
366 1378 492 1439 eertum
514 1376 572 1438 cst
633 1372 714 1452 Quis
737 1373 910 1437 scientium
941 1378 1009 1437 tam
1040 1372 1163 1438 clarum
1185 1373 1325 1438 nriracu·

274 1475 342 1540 lum
366 1474 473 1562 quoad
500 1475 589 1539 vixit
614 1497 681 1539 nen
707 1474 780 1538 aliia
812 1475 846 1538 in
874 1475 1125 1561 opportunitate
1148 1474 1324 1562 praedieam

274 1576 427 1644 studuitl
471 1576 695 1642 Veruntamen
723 1574 940 1663 Omnipotens
967 1598 1032 1640 uon
1064 1576 1099 1640 iu
1121 1575 1183 1643 hou
1204 1575 1325 1642 aulum·

276 1679 372 1744 modo
402 1680 488 1745 hictu
519 1677 652 1743 medum
690 1677 958 1744 declarandorum
996 1677 1188 1743 meriturum
1218 1678 1323 1745 uncti

275 1782 339 1847 viri
361 1782 490 1857 statuit,
512 1780 568 1846 aed
602 1781 714 1846 atatim
749 1781 784 1845 in
818 1780 930 1846 eedem
957 1780 1027 1846 loeo
1061 1779 1150 1845 haud
1180 1779 1323 1847 multum

274 1884 431 1949 diaeimile
454 1883 646 1948 miraculum
669 1905 727 1970 per
748 1882 904 1948 dilectum
927 1904 1021 1948 suum
1045 1890 1196 1948 sanetum
1212 1882 1322 1969 egwi-

275 2008 354 2050 num
378 1985 610 2050 manifestavit.
666 1984 818 2050 Minister
840 1985 927 2050 euim
950 1985 1002 2050 cui
1025 1984 1195 2050 brachium
1217 1983 1323 2051 macti

274 2088 423 2175 Ecgwini
456 2088 606 2174 superius
644 2087 907 2152 commendatum
941 2086 1094 2162 diximus,
1132 2085 1213 2152 dum
1247 2109 1321 2153 cum

272 2190 385 2256 eodem
409 2189 540 2256 brachio
563 2210 629 2254 non
658 2195 745 2254 ructo
769 2189 902 2254 tramite
925 2189 1048 2253 vadum
1074 2193 1266 2267 attentaret,
1288 2189 1322 2255 iu

271 2292 434 2379 gurgitem
473 2291 592 2356 incidit
625 2291 871 2377 penuaximum,
914 2291 948 2355 in
986 2311 1052 2377 quo
1088 2290 1195 2378 pridie
1226 2291 1323 2357 navia

274 2415 340 2458 uua
369 2392 515 2459 demersa
536 2393 653 2458 suerat
716 2391 811 2472 Quod
834 2412 935 2478 quum
967 2392 1120 2457 inlitora
1153 2391 1322 2461 meantes

272 2500 448 2572 cernerent,
470 2494 650 2582 pallescere,
674 2493 844 2581 trepidam,
868 2515 942 2559 eum
965 2494 1093 2581 ingenti
1117 2493 1266 2561 tumultu
1288 2500 1323 2561 ct

273 2597 380 2663 dolere
403 2598 445 2662 ad
469 2597 647 2662 Dominum
671 2596 859 2672 exclamare,
882 2601 1095 2684 sanctumque
1128 2596 1321 2685 Ecgwiuum

272 2723 346 2765 eum
374 2698 550 2785 lachrymis
573 2699 724 2763 invocare
747 2704 924 2785 eoeperuut.
971 2698 1124 2765 Monuehi
1147 2720 1226 2765 vcro
1249 2704 1321 2766 tum

273 2824 330 2888 pm
354 2801 466 2866 famuli
495 2800 644 2888 periculo,
667 2807 739 2865 tum
761 2821 820 2887 pre
841 2800 973 2867 brachie
997 2801 1048 2867 uui
1071 2801 1264 2888 pmtecturia
1287 2802 1320 2868 iu

272 2903 416 2967 maxima
440 2903 594 2989 angintia
620 2902 794 2967 exstitere:
819 2924 931 2968 omnee
957 2902 993 2967 iu
1008 2924 1179 2969 eommuue
1201 2923 1321 2971 nemen

271 3004 375 3069 uuicti
401 3003 547 3090 Ecgwini
578 3026 652 3068 cum
683 3003 820 3069 clamore
851 3006 1049 3071 invoeuvem.
1103 3003 1215 3087 Quum
1245 3026 1322 3095 erge

271 3106 329 3173 diu
345 3106 551 3191 multumque
565 3105 627 3168 suh
650 3127 807 3190 aquarum
831 3106 915 3171 mole
929 3107 983 3171 vir
1002 3105 1195 3193 praelibatus
1209 3107 1322 3175 latuis-

271 3215 329 3284 eet,
346 3229 520 3294 manesque
543 3208 599 3294 qui
623 3207 759 3272 aderant
781 3208 868 3272 huuc
885 3208 954 3295 jam
979 3216 1129 3274 acuatum
1151 3209 1321 3275 existima·

271 3317 354 3387 rent,
388 3310 520 3375 tandem
560 3332 659 3396 super
688 3331 790 3396 aquae
824 3311 921 3374 vivus
955 3310 1119 3398 apparuit,
1152 3316 1189 3375 et
1221 3311 1322 3379 tertio

271 3415 440 3478 immemua
471 3411 633 3498 tertiaque
666 3433 763 3498 anper
798 3411 959 3497 liquidum
991 3412 1190 3479 elementum
1221 3414 1321 3493 visua,

271 3515 402 3578 ‹lcnuuu
419 3535 476 3600 per
491 3515 649 3578 virtutem
676 3515 779 3578 sancti
797 3514 838 3578 ad
863 3522 981 3579 temam
998 3514 1187 3579 extrahitur
1208 3512 1321 3593 semus,

271 3616 326 3679 uhi
362 3623 431 3681 tam
470 3616 595 3701 iuaigme
634 3616 823 3680 miraculum
858 3617 984 3681 ermetis
1020 3616 1230 3682 amantibus
1270 3624 1323 3685 eet

270 3725 444 3792 (alcusam,
466 3723 504 3782 ut
531 3739 589 3783 nee
621 3717 654 3780 in
684 3717 779 3783 theca
808 3717 931 3783 bmchii
958 3719 1064 3783 salicti
1088 3716 1238 3806 Eegwini
1262 3741 1322 3787 nee

270 3821 304 3884 in
320 3820 441 3885 vexillo
456 3818 543 3905 quod
560 3819 644 3883 infra
667 3821 809 3906 positum
832 3819 1027 3886 servabatur
1041 3821 1091 3886 vel
1116 3842 1184 3885 una
1197 3821 1321 3889 solum·

270 3921 367 3986 medo
398 3945 491 4008 aqum
521 3928 619 4007 gutta
649 3924 845 4009 apparuerit,
877 3944 982 4009 neque
1011 3923 1184 4009 quiequam
1216 3923 1251 3989 in
1281 3944 1321 3989 eu

270 4023 436 4089 madidum
460 4032 624 4110 repertum
640 4025 746 4090 suerit
786 4026 992 4111 Obstupuere
1008 4024 1174 4104 univemi3
1196 4026 1320 4113 pariter

269 4125 456 4192 collaudant
488 4126 652 4212 ruagumlia
685 4128 790 4192 suncti
832 4127 1003 4213 Ecgwiui;
1037 4127 1172 4214 ejusque
1205 4128 1319 4195 minia-

270 4236 360 4294 trum
394 4227 673 4316 apprehendentes
710 4238 745 4294 et
782 4229 824 4294 ad
856 4229 988 4294 demum
1024 4229 1222 4295 deducentes
1249 4229 1318 4298 laed

269 4352 367 4417 pmpe
389 4353 464 4396 eum
487 4338 689 4418 permancnt,
712 4353 821 4396 cunuu
846 4332 1079 4419 iuuenumtea
1126 4331 1192 4412 Qui
1216 4354 1318 4419 quum

269 4433 445 4520 plurimum
468 4456 563 4519 aqum
585 4433 627 4498 ab
650 4456 704 4499 ore
727 4434 911 4511 diminuet,
935 4441 1064 4521 pestem
1086 4433 1140 4499 die
1162 4456 1262 4500 eanua
1283 4440 1319 4502 et

269 4535 439 4602 incolumis
462 4546 605 4623 mptum
631 4535 694 4603 iter
716 4536 874 4604 accelerat
896 4559 970 4605 cum
994 4537 1127 4605 aetem
