3264 5662
620 835 803 885 arrrnnur
1171 825 1235 889 323

186 1020 354 1085 eeclesiam
392 1022 480 1086 inter
517 1021 691 1085 servitirnn
735 1020 797 1083 Dei
836 1020 1031 1106 voluptuose
1068 1025 1236 1105 vagantea‚
1290 1024 1357 1079 M).

186 1142 273 1189 nunc
297 1124 371 1189 illos
395 1124 485 1189 intra
507 1123 676 1189 ecclesiam
704 1122 779 1207 joco
810 1120 913 1186 risui¹
943 1123 1153 1208 vanitatique
1175 1146 1234 1187 ra·
1247 1096 1398 1148 ¹⁰⁴⁴'¹⁰⁶⁰'

184 1232 296 1291 cantes
319 1228 526 1314 proclamare,
550 1250 671 1292 nomen
701 1226 957 1311 uniuscujusque
988 1248 1061 1293 cum
1081 1227 1233 1290 irrisione

183 1328 314 1403 adicere,
338 1336 372 1395 ct
395 1337 432 1395 ut
457 1330 581 1395 tabulis
603 1331 692 1393 l'acta
714 1328 831 1392 talium
855 1330 1088 1415 imprimantur
1106 1329 1230 1414 jubere.

183 1428 275 1517 Rogo
306 1439 449 1519 paveant
484 1455 595 1497 omnes
626 1433 691 1496 ieta
725 1431 906 1506 audientee,
931 1440 966 1496 et
989 1431 1144 1517 quicquid
1166 1431 1231 1495 alio

181 1536 329 1620 tempore
360 1537 491 1623 propria
524 1535 707 1621 fragilitate
749 1533 949 1619 deliquerint
981 1534 1062 1599 hora
1099 1533 1230 1599 seraitii

184 1635 244 1701 Dei
268 1639 428 1703 mundare
450 1639 614 1714 studeant,
640 1638 748 1701 Deum
772 1644 806 1700 ct
829 1643 958 1701 sanctos
980 1638 1113 1723 angelos
1136 1636 1231 1723 (ante

183 1762 322 1825 quorum
345 1754 553 1828 conspectum
588 1742 680 1825 eunt)
706 1739 868 1804 offendere
891 1746 925 1804 et
948 1740 1078 1805 irritare
1105 1740 1231 1804 hostes-

183 1865 246 1928 que
277 1845 413 1910 humani
445 1844 573 1932 generis
596 1843 764 1909 laetificare
788 1848 934 1917 caveant,
957 1844 1104 1907 neforto
1129 1841 1230 1929 (quod

182 1946 267 2012 absit
281 1951 302 2033 3)
327 1950 362 2012 in
385 1949 445 2013 hoc
468 1948 586 2013 sacculo
616 1947 726 2033 gratia
748 1945 812 2010 Dei
844 1952 978 2011 careant
1000 1952 1035 2011 et
1058 1946 1093 2009 in
1116 1946 1229 2009 futuro

181 2057 312 2116 aterna
336 2051 542 2115 damnationi
565 2050 761 2133 subjaceant.
822 2058 838 2082 “
854 2048 959 2113 Valde
982 2048 1096 2126 enim,'’
1119 2054 1159 2114 ut
1181 2049 1229 2113 ait

181 2158 312 2218 sanctus
323 2153 498 2239 Gregorius
508 2154 543 2216 in
556 2153 726 2239 Registrie,
742 2152 934 2216 “timendus
944 2159 994 2217 est
1005 2152 1058 2216 lric
1068 2152 1230 2216 Dominus

181 2255 300 2320 “Deus
322 2279 364 2321 nc
386 2257 422 2319 in
445 2256 559 2321 futuro
590 2256 753 2319 incassum
780 2255 985 2320 timeatur.’''²
1030 2255 1229 2320 Veneranda

181 2379 257 2422 vero
280 2364 358 2424 sunt
389 2365 502 2423 sancta
526 2359 604 2436 loco,
627 2359 770 2422 maximo
801 2358 860 2421 ubi
896 2357 986 2422 Deua
1009 2358 1228 2444 Omnipotens

181 2460 355 2541 inhabitat,
380 2462 522 2527 blandus
545 2470 579 2527 ct
602 2461 713 2526 artavis
736 2461 821 2525 Eum
845 2460 1052 2533 timentibus,
1069 2461 1228 2525 terribilis

179 2568 212 2628 ct
226 2564 423 2628 metuendus
446 2564 546 2629 Illum
569 2563 864 2639 contemnentibus,
879 2563 936 2628 ubi
961 2564 1107 2628 coelestca
1129 2586 1228 2649 unge-

179 2665 283 2731 lorum
306 2668 454 2733 excubiae
487 2674 610 2744 aasunt,
635 2669 691 2732 ubi
723 2667 805 2732 tales
837 2671 1005 2751 tantaeque
1039 2671 1227 2731 ¹anctorum

179 2769 323 2855 reliquiae
358 2770 468 2854 quales
503 2778 701 2856 quantoque
735 2770 771 2832 in
804 2768 1060 2835 Eoveslnuncnsi
1095 2769 1229 2835 ecclesia

179 2877 421 2936 conternntur.

224 2974 378 3040 Relatum
410 2979 460 3038 cst
490 2975 578 3038 enim
602 2974 697 3038 nobis
720 2975 762 3038 ab
785 2975 826 3038 iis
853 2976 912 3060 qui
940 2975 1105 3055 viderunt,
1140 2974 1226 3059 quod
1284 2980 1351 3029 A..1)

179 3077 330 3143 dominus
354 3078 519 3142 Waltcrue
557 3078 659 3141 abbas
698 3077 844 3161 ejusdem
883 3078 1033 3154 ecclesiae,
1073 3078 1227 3141 triduano
1241 3050 1393 3101 ¹⁰⁷‘'¹⁰⁸⁵‘

179 3187 309 3266 patrato
329 3181 462 3266 jejunio,
486 3180 620 3245 consilio
644 3181 823 3245 venerandi
845 3180 1078 3265 archiepiscopi
1102 3180 1228 3243 domini

182 3284 361 3360 Lanfranci,
395 3284 551 3368 reliquias
585 3289 772 3348 sanctorum
803 3283 838 3345 in
863 3284 999 3369 praelato
1030 3283 1228 3347 retractato

179 3387 414 3471 quiescentium
453 3392 616 3451 scmtatua
650 3392 708 3462 est,
736 3392 770 3449 ct
802 3385 890 3449 inter
927 3390 1053 3470 septem
1087 3385 1229 3471 psalmas

178 3489 380 3574 letaniasque
404 3511 516 3553 ornnes
532 3490 572 3552 dc
588 3489 707 3573 quibua
722 3487 860 3551 dubium
876 3493 947 3552 erat
970 3488 1046 3572 igno
1065 3488 1228 3573 probavit,

179 3593 263 3657 inter
285 3615 360 3679 quae
382 3593 466 3656 illud
498 3593 616 3678 oppido
649 3592 769 3655 mirum
801 3591 942 3675 contigit
964 3590 1052 3675 quod
1075 3590 1228 3675 reliquias

178 3695 281 3759 sancti
322 3695 465 3761 Credam
502 3695 633 3759 abbatia
671 3694 821 3780 praedicti
867 3694 1010 3758 caenobii
1056 3694 1228 3777 sanctique

178 3797 321 3863 Wiatani
356 3820 423 3862 non
456 3797 561 3861 solum
594 3797 783 3861 comburere
815 3818 932 3861 verurn
971 3819 1030 3861 nec
1064 3797 1228 3881 attingere

176 3900 310 3985 quidem
340 3901 452 3965 furens
482 3901 568 3986 ignia
591 3900 705 3964 valuit.
767 3899 1009 3985 superadditur
1031 3905 1142 3963 autem
1166 3898 1227 3960 rni-

176 4003 325 4067 raoulum
364 4004 532 4077 miraculo,
558 4003 646 4087 quod
684 4025 786 4088 quum
824 4002 1087 4087 praenominatus
1124 4000 1226 4065 abbas

174 4111 295 4170 testam
319 4106 436 4192 capitis
470 4106 575 4170 sancti
600 4103 745 4170 Wiatani
769 4105 966 4190 deportaret,
995 4127 1070 4168 casu
1094 4105 1134 4169 de
1158 4126 1226 4167 rna-

175 4209 275 4273 nibus
296 4208 367 4294 ejus
388 4209 499 4273 subito
523 4209 560 4272 in
588 4214 709 4272 terram
740 4207 866 4283 cecidit,
894 4212 1094 4291 tantumque
1115 4206 1226 4270 rivum

173 4310 303 4376 sudoris
335 4313 446 4376 emisit
468 4316 631 4396 quantum
655 4312 774 4396 aliquis
797 4310 943 4375 virorum
967 4309 1115 4395 quolibet
1144 4309 1225 4374 acci-

175 4458 499 4467 ——---——---
519 4459 542 4465 -
558 4458 563 4463 -
596 4458 609 4464 -
622 4458 694 4465 --.-.
724 4460 768 4465 .—
811 4458 846 4464 --.
858 4456 965 4463 ---
1192 4459 1220 4465 ,-

209 4521 215 4550 ¹
236 4519 312 4584 riam]
326 4520 386 4579 risu,
399 4519 454 4567 MS.
727 4521 812 4581 12⁴0),
830 4517 914 4565 where
934 4517 976 4565 the
995 4532 1063 4566 same
1073 4516 1179 4582 thought
1204 4517 1225 4565 is

206 4603 216 4629 '·'
236 4602 284 4649 See
297 4601 373 4664 Greg.
385 4598 553 4663 “Registrum
572 4598 672 4661 Episto-
724 4598 809 4658 found,
827 4598 968 4661 expresscd,
986 4596 1111 4659 however,
1134 4597 1160 4645 in
1178 4596 1226 4645 dif-

171 4680 283 4731 larmn.”
296 4680 338 4727 lib.
352 4679 386 4727 xi.
399 4694 436 4742 cp.
450 4686 490 4731 311,
503 4680 552 4727 and
565 4678 606 4726 lib.
617 4678 672 4726 xiii.
724 4678 802 4727 ferent
815 4680 905 4727 worda.

168 4777 209 4825 cp.
237 4765 269 4807 :32
293 4760 371 4821 (llpp,
401 4759 450 4807 vol.
473 4759 498 4807 ii.
520 4759 575 4806 coll.
602 4762 673 4807 1114.

1024 4851 1091 4912 x2
