3264 5662
487 804 690 861 cuaoulcou
713 803 872 855 ABBATIAE
895 804 942 855 Dll
966 802 1135 856 avusfllu.
1269 792 1328 855 ll]

282 988 319 1048 et
357 981 510 1048 monachi
533 985 611 1048 ante
642 1004 701 1046 nos
735 982 870 1046 fuerunt
891 982 949 1066 qui
972 1003 1031 1048 nos
1062 982 1207 1057 scientia,
1237 958 1416 1048 mori-hu).
1430 996 1499 1043 1202.

284 1086 358 1163 bus,
386 1086 564 1151 sanctitate
589 1090 623 1150 et
648 1085 795 1152 saeculari
821 1084 999 1172 prudentia
1037 1084 1265 1170 praecellebant
1300 1091 1335 1150 et

283 1187 381 1253 nobis
404 1186 652 1274 praefulgebant,
667 1193 701 1254 ct
716 1187 765 1252 illi
781 1192 850 1252 tam
865 1187 969 1252 ardua
985 1209 1052 1252 non
1074 1192 1333 1265 attentaverunt,

283 1299 320 1355 et
335 1297 447 1356 tamen
463 1291 515 1376 pie
530 1295 566 1356 et
581 1295 693 1355 sancte
716 1295 751 1356 et
768 1290 860 1375 juste
883 1291 1043 1355 vixerunt
1066 1291 1102 1354 in
1124 1289 1184 1355 hoo
1210 1291 1334 1368 saecule,

286 1399 323 1456 et
353 1391 480 1456 divitiis
503 1398 537 1456 et
559 1391 737 1458 honoribus
763 1393 870 1478 gavisi
903 1399 988 1457 sunt.
1050 1392 1119 1457 Nos
1144 1415 1221 1456 vero
1241 1415 1336 1479 prop-

286 1502 339 1559 ter
361 1495 626 1560 exordinationes
649 1502 778 1560 nostras
815 1495 886 1559 Deo
922 1501 957 1560 et
1001 1495 1190 1560 hominibus
1229 1495 1337 1558 minus

288 1597 492 1675 favorabiles,
524 1598 624 1664 immo
655 1599 747 1684 quasi
778 1598 1042 1684 contemptibiles
1074 1598 1275 1664 habebamur
1305 1605 1339 1663 et

291 1721 458 1787 pauperes.
504 1700 569 1764 Jus
592 1701 693 1766 ctiam
713 1706 864 1766 nostmm
885 1700 982 1765 valde
1005 1701 1090 1765 exile
1114 1707 1147 1766 et
1172 1701 1339 1767 infinnum

294 1802 458 1884 dicebant,
474 1804 617 1868 maxime
633 1825 671 1868 eo
687 1803 774 1889 quod
797 1804 984 1869 educentis
999 1803 1051 1870 vel
1067 1804 1222 1869 trecentis
1244 1804 1339 1869 annis

292 1913 380 1972 retro
411 1907 553 1994 episcopi
577 1907 810 1994 Wigomenses
834 1929 946 1973 omnes
970 1906 1111 1973 fuissent
1140 1908 1341 1973 sollemniter

289 2032 363 2074 cum
387 2011 589 2097 processione
619 2011 770 2076 sollemni
792 2011 835 2075 ad
861 2010 1052 2075 divinorum
1088 2011 1339 2076 celebrationem

289 2119 323 2177 et
340 2114 602 2200 procurationem
626 2112 840 2179 sufficientem
864 2114 898 2177 in
913 2113 1048 2179 ecclesia
1070 2121 1184 2179 nostra
1199 2115 1341 2191 admissi,

289 2223 324 2280 ct
340 2214 476 2280 abbates
499 2216 604 2281 nostri
628 2238 728 2302 supra
752 2216 942 2280 memoriam
964 2215 1134 2281 hominum
1157 2217 1200 2282 ab
1222 2219 1342 2304 episco-

291 2319 341 2404 pis
366 2317 545 2404 Wigomiae
569 2319 831 2384 benedictionem
854 2325 1051 2405 aeceperunt
1076 2327 1110 2384 et
1140 2320 1185 2383 eis
1216 2321 1338 2406 profes-

290 2423 414 2484 sionem
438 2419 595 2498 feoemnt,
619 2428 654 2486 et
687 2421 828 2486 chrisma
858 2428 893 2486 et
927 2421 1035 2486 oleum
1068 2429 1102 2486 et
1135 2422 1265 2487 ordines
1299 2424 1341 2487 ab

291 2523 413 2587 etsdem
447 2523 598 2588 monachi
622 2530 845 2610 susceperunt,
874 2529 909 2589 et
937 2524 1010 2588 ideo
1046 2531 1341 2612 praesumptuosum

288 2634 324 2690 et
348 2627 614 2711 superstitiosum
648 2626 754 2692 videri
797 2634 866 2692 tam
906 2628 1037 2713 longam
1073 2629 1342 2693 consuetudinem

293 2735 328 2792 et
363 2735 532 2793 tantorum
579 2730 727 2794 virorum
767 2730 859 2816 sequi
893 2730 1034 2816 vestigia
1075 2732 1169 2808 nolle,
1201 2736 1235 2796 et
1272 2738 1342 2796 tam

291 2838 479 2896 sanctorum
517 2854 709 2920 magnomm
746 2841 780 2898 et
824 2833 1025 2920 prudentum
1071 2834 1343 2920 praedecessorum

293 2940 480 2998 nostrorum
513 2941 617 2999 metas
655 2939 690 2999 et
723 2936 804 3000 vita
840 2935 922 3000 fines
961 2933 1044 3001 velle
1082 2940 1275 3023 transgredi,
1309 2948 1344 3004 et

293 3039 395 3102 etiam
437 3038 464 3100 si
496 3038 585 3122 quod
610 3037 668 3122 jus
710 3037 752 3102 ad
792 3039 1059 3124 proclamandum
1091 3041 1126 3104 in
1156 3041 1343 3107 libertatem

293 3140 496 3215 haberemus,
521 3161 581 3225 per
603 3145 736 3203 tantum
758 3146 792 3203 et
815 3147 884 3204 tam
907 3140 1040 3227 longum
1072 3145 1218 3222 abusum,
1244 3146 1344 3209 immo

293 3243 494 3308 contrarium
529 3262 632 3317 usum,
657 3241 810 3307 videatur
838 3245 971 3329 penitus
1000 3245 1161 3310 abolitum
1193 3253 1227 3311 et
1251 3248 1343 3312 abro-

292 3354 417 3432 gatum.
464 3344 672 3429 Objiciebant
687 3347 786 3409 ctiam
813 3347 907 3410 nobis
923 3348 1010 3431 quod
1025 3369 1083 3411 nos
1102 3349 1242 3431 juvenes
1258 3373 1344 3436 quae-

293 3449 448 3512 rebamus
483 3448 576 3511 litem
612 3469 709 3512 causa
736 3450 907 3534 evagandi,
935 3451 1072 3514 scientes
1098 3453 1175 3536 quia
1204 3476 1264 3518 nos
1287 3456 1345 3540 qui

295 3552 349 3615 liti
373 3551 595 3615 insisteremus
618 3573 745 3637 semper
767 3552 862 3617 bonis
885 3553 1124 3619 abundaremus
1139 3556 1224 3622 sicut
1248 3563 1342 3623 tanta

294 3678 395 3720 eausa
410 3654 573 3740 exigebat,
598 3655 648 3719 illi
672 3677 748 3719 vero
764 3656 853 3719 domi
876 3657 987 3720 inedia
1013 3658 1166 3743 perirent.
1227 3661 1273 3725 Et
1296 3663 1345 3726 illi

293 3760 352 3846 qni
377 3760 446 3823 haec
468 3759 622 3823 dicebant
645 3766 739 3824 erant
762 3760 803 3824 de
827 3762 1010 3828 senioribus
1032 3766 1154 3851 populi,
1172 3768 1228 3851 qui
1252 3769 1343 3853 quasi

295 3861 495 3927 addebantur
516 3883 627 3947 regere
650 3863 818 3928 ecclesiam
841 3869 996 3944 nostram,
1015 3872 1049 3930 et
1072 3890 1185 3932 revera
1201 3869 1240 3932 de
1267 3869 1345 3934 filiis

295 3965 563 4051 prudentioribus
585 3964 665 4030 lucis
688 3965 787 4050 hujus
810 3974 905 4031 erant
928 3970 965 4032 in
983 3972 1193 4054 generatione
1220 3995 1288 4050 sua,
1311 3980 1346 4036 ct

293 4070 321 4132 si
353 4067 455 4153 aliqui
487 4067 617 4132 illorum
648 4068 753 4132 zelum
785 4071 907 4134 bonum
935 4072 1102 4136 habebant
1136 4079 1247 4137 tamen
1278 4097 1345 4138 non

293 4170 474 4234 secundum
499 4171 678 4235 scientiam.
724 4172 793 4235 Alii
816 4195 876 4237 nec
902 4175 1009 4238 zelum
1032 4174 1190 4240 habentes
1212 4176 1345 4255 bonum,

293 4272 489 4358 quaerebant
520 4295 593 4358 quae
628 4296 687 4338 sua
713 4280 806 4339 erant
833 4298 900 4340 non
927 4299 1000 4362 quaa
1024 4277 1046 4340 J
1050 4299 1106 4341 esu
1131 4278 1263 4354 Christi,
1290 4281 1347 4344 sed

294 4378 442 4441 staverem
466 4380 500 4439 et
527 4397 640 4460 pacem
663 4383 834 4462 captantes
857 4379 980 4444 multos
1004 4382 1121 4444 fratres
1144 4381 1347 4448 seduxerunt

291 4480 352 4565 qui
377 4499 479 4562 quum
503 4499 569 4541 non
593 4486 702 4543 essent
725 4502 767 4544 ex
790 4482 883 4546 nobis
906 4506 925 4545 a
940 4483 1035 4547 nobis
1058 4484 1219 4564 exiemnt,
1236 4491 1271 4550 et
1294 4509 1346 4550 us·
1363 4510 1504 4566 laesam,

291 4604 359 4668 qne
375 4580 417 4643 nd
434 4580 521 4643 diem
538 4583 709 4646 sententiae
727 4606 784 4669 pro
807 4584 902 4648 nobis
918 4585 996 4650 latae
1012 4585 1180 4650 nobiscum
1206 4591 1346 4675 amplius
1360 4580 1384 4628 ii.
1400 4586 1437 4630 ¹⁹·

293 4705 363 4749 non
390 4681 654 4762 arribulaverunt,
670 4692 706 4749 et
728 4685 835 4749 adhuc
850 4709 891 4749 ex
907 4687 1001 4752 corde
1020 4688 1153 4773 quidam
1179 4692 1345 4757 nobiscum

291 4808 362 4852 non
395 4784 568 4848 ambulant
591 4788 742 4870 quamvis
777 4787 945 4853 nobiscum
976 4791 1017 4854 de
1039 4790 1190 4857 libertate
1217 4797 1347 4882 partici-
