3264 5662
485 785 689 839 cnaourcor
712 786 872 836 renarra
896 788 942 835 na
965 786 1137 836 uvasnan
1273 774 1337 837 153

282 988 386 1054 totius
420 989 538 1054 mnndi
569 989 720 1076 partibus
756 990 914 1067 meliores,
952 989 1146 1076 magistrum
1185 988 1421 1054 videlicetan
1437 1003 1507 1049 120⁵.

282 1090 479 1156 Merandurn
511 1091 709 1179 Hispanum,
740 1115 837 1179 quem
873 1096 988 1179 postea
1018 1099 1164 1179 tempore
1195 1090 1339 1156 coneilii¹
1353 1073 1498 1193 ffiffiff·

281 1191 354 1256 vidi
369 1194 566 1280 episcopum,
582 1195 640 1279 qui
662 1194 746 1259 nulli
769 1195 903 1259 mortali
926 1194 1024 1259 simul
1047 1194 1083 1257 in
1106 1198 1247 1279 utroque
1264 1194 1340 1279 jure
1352 1207 1489 1278 ployedby

283 1302 364 1359 tune
379 1296 537 1382 tomqmris
552 1295 738 1361 habebatur
753 1296 924 1362 secundae.
973 1296 1073 1361 Hune
1094 1317 1196 1381 quum
1211 1300 1340 1382 regeret
1353 1274 1445 1408 w·

282 1397 410 1463 scholas
432 1398 592 1463 Bononiae
613 1397 767 1463 dominus
792 1398 1030 1464 Wintoniensis
1052 1397 1190 1463 Romam
1213 1398 1341 1463 adelux-

284 1504 366 1576 erat,
389 1504 424 1564 et
447 1500 543 1565 stetit
564 1501 613 1565 ibi
636 1523 694 1586 pro
718 1500 851 1565 domino
874 1523 949 1586 rege
972 1507 1006 1566 et
1029 1501 1187 1587 episeopis
1210 1501 1341 1586 Angliae

284 1609 401 1679 contra
443 1601 618 1667 monachos
659 1602 915 1668 Canthariensea
954 1625 1051 1689 super
1086 1603 1161 1688 jure
1199 1603 1342 1689 eligendi

287 1705 559 1771 Cantuariensem
598 1704 888 1793 arehiepiscopum.
946 1706 991 1770 Et
1029 1705 1140 1782 alium,
1178 1705 1342 1791 quendam

287 1807 440 1872 videlicet
487 1807 628 1872 militem
678 1807 880 1894 Pupienaem,
932 1808 1153 1872 Bertrandum
1203 1808 1343 1885 nomine,

288 1909 459 1974 dominum
502 1908 621 1996 legum,
660 1910 717 1996 qui
756 1910 839 1974 nulli
886 1910 991 1974 totius
1024 1910 1234 1976 Lumbardia
1269 1922 1344 1996 post

289 2011 459 2076 dominum
490 2011 652 2077 Aesonern
682 2012 717 2074 in
745 2011 821 2096 jure
856 2012 946 2076 oivili
969 2012 1152 2078 habebatur
1174 2014 1343 2079 secundus.

291 2114 390 2177 Hune
413 2113 564 2178 monaehi
588 2114 777 2179 Cantuariaa
800 2113 1017 2190 adduxerant,
1040 2120 1075 2179 et
1097 2116 1194 2180 stetit
1216 2137 1275 2201 pro
1297 2116 1344 2180 eia

291 2217 324 2280 in
348 2217 506 2302 praedicta
528 2238 625 2281 clausa
647 2222 763 2281 eontra
786 2217 956 2281 dominum
979 2239 1088 2302 regem
1115 2222 1150 2281 et
1179 2218 1344 2304 episcopos

290 2319 430 2404 Angliae.
478 2319 524 2382 Et
546 2340 620 2383 eum
643 2319 695 2382 his
718 2318 846 2383 duobus
869 2318 998 2383 loeutus
1012 2318 1062 2382 fui
1078 2319 1236 2384 Bononiae
1251 2324 1344 2383 ante·

291 2444 389 2506 quam
406 2421 543 2485 Romam
555 2421 713 2486 venirent.
754 2421 868 2485 Habui
883 2421 983 2485 etiam
998 2420 1193 2506 magistrum
1210 2421 1344 2486 Petrum

292 2523 576 2600 Beneventanum,
611 2522 815 2610 capellanum
850 2522 976 2587 domini
1009 2544 1111 2609 papae,
1141 2529 1256 2609 postea
1278 2546 1346 2587 ear-

292 2625 433 2690 diualem
450 2630 485 2691 et
500 2626 688 2711 episcopum
705 2625 928 2703 Portuenaem,
950 2624 1007 2710 qui
1022 2625 1147 2711 primus
1163 2625 1346 2690 habebatur

292 2728 380 2791 inter
401 2726 578 2792 advocatos
602 2727 721 2806 euriae3
751 2727 809 2792 aod
838 2733 872 2791 et
903 2728 1097 2813 magistrum
1122 2726 1346 2809 Willielmum,

293 2828 525 2916 provincialem
568 2829 720 2894 clericum
764 2828 888 2893 domini
925 2829 1131 2909 cancellarii3
1170 2829 1230 2895 hae
1267 2851 1346 2895 usus

293 2931 419 2996 cautela
441 2937 481 2995 ut
503 2954 561 3018 per
583 2931 663 2995 istos
686 2931 767 2995 duos
790 2931 901 3016 aliqua
923 2936 1047 2996 secreta
1068 2932 1166 2998 euriae
1182 2933 1346 3009 discerem,

294 3034 380 3118 quod
396 3039 431 3098 et
447 3033 496 3097 ita
510 3034 634 3097 saetam
651 3037 708 3097 est.
756 3033 801 3096 Et
817 3032 892 3097 dedi
908 3033 1015 3118 primo
1031 3033 1178 3118 qualibet
1201 3035 1253 3100 die
1271 3056 1347 3099 eon·

293 3136 413 3200 sirtorii
437 3135 679 3222 quinquaginta
701 3135 820 3200 solidos
851 3135 1126 3216 Provinienaium,
1149 3138 1290 3201 seeundo
1313 3141 1347 3201 et

296 3240 392 3303 tertio
430 3238 657 3325 quadraginta,
699 3243 818 3322 quarto
863 3237 996 3323 viginti.
1056 3239 1102 3303 Et
1136 3261 1238 3324 quum
1272 3261 1347 3303 eon-

296 3346 449 3425 queretur
471 3339 678 3404 adversarius
694 3345 806 3404 noster
820 3340 907 3425 quod
923 3340 1157 3405 subtraxissem
1174 3341 1204 3405 ei
1220 3341 1347 3425 copiam

297 3442 538 3523 advocatorum,
589 3441 758 3529 respondit
805 3443 956 3507 dominus
1004 3465 1091 3529 papa
1139 3441 1348 3520 subridendo,

297 3544 515 3631 “Nunquam
547 3544 654 3611 defuit
685 3544 783 3610 alicui
813 3546 907 3630 eopia.
932 3545 1167 3610 advocatorum
1199 3545 1348 3611 incuria

296 3659 311 3681 “
337 3647 486 3712 Romana
499 3647 529 3728 ;’'
551 3661 585 3713 et
607 3647 763 3734 praecepit
785 3653 825 3712 ut
848 3646 995 3714 dicerem.

354 3898 405 3966 De
425 3895 558 3985 primia
581 3895 847 3983 allegationibus
875 3895 1008 3964 Pirama>
1034 3897 1194 3964 arroaaehi
1215 3921 1282 3985 pro

491 3999 699 4086 exemptione
724 3998 982 4066 Eeealiauieaaia
1009 3998 1158 4067 anatolii.

343 4140 435 4206 Tune
449 4163 519 4226 ego,
537 4141 609 4226 jam
632 4140 759 4227 pridem
784 4162 980 4227 cognoscens
1003 4140 1081 4224 quia
1097 4139 1188 4203 curia
1210 4139 1454 4214 bremio-Mafa.

295 4244 374 4328 quio
405 4242 582 4330 gaudebat,
609 4243 693 4307 fleme
725 4249 759 4308 et
795 4243 922 4328 ejulans
953 4242 1035 4317 dixi,
1068 4251 1083 4276 “
1100 4241 1200 4306 Pater
1229 4232 1458 4346 sanet‹²,¹'⁰¹{³¹*'s

297 4357 312 4378 ‘⁴
338 4345 530 4431 postpositis
545 4344 815 4431 philosophorum
832 4342 1233 4432 figu1·is,dialeetieorum²
1249 4313 1405 4429 annm—NJ
1415 4313 1441 4363 y.

297 4458 314 4481 ‘⁴
339 4447 485 4511 motibus
514 4452 549 4513 et
578 4447 747 4512 rhetorum
786 4447 959 4524 coloribus,
988 4447 1104 4533 lingua
1134 4469 1202 4533 pne
1233 4447 1352 4512 timore

744 4608 1018 4617 ..-——.--—··——

354 4691 462 4770 reaedh]
477 4702 584 4767 consilii,
597 4704 652 4755 MS.
812 4702 819 4773 1
866 4702 1073 4772 ²dr'ulcrh'corum]
1087 4706 1267 4771 dialeticorum,
1279 4707 1335 4758 MS.
