3264 5662
602 790 785 841 nrrrsnrs.
1152 780 1216 842 325

169 974 286 1040 tudine
301 975 419 1040 fuisset
440 974 674 1061 superinfusus.
721 974 810 1055 Quid
825 976 954 1062 igitur?
1000 976 1166 1056 Cerneres,
1190 974 1219 1039 si
1273 1002 1341 1054 Μ),

168 1077 305 1153 adesses,
330 1078 485 1142 misorum
512 1078 695 1164 pallescere,
721 1082 870 1153 tremere,
895 1083 936 1156 et,
961 1079 1049 1164 quod
1072 1084 1123 1144 cst
1145 1074 1385 1165 ἔρα-10664077·

169 1181 243 1245 vius
281 1186 394 1258 morte,
434 1181 583 1245 inimicos
620 1202 695 1245 suos
734 1184 862 1245 stantes
891 1180 976 1246 velle
1014 1182 1126 1267 fugero
1159 1202 1218 1247 nec

170 1304 270 1368 posse.
332 1282 441 1363 Quum
474 1289 569 1348 occe!
609 1283 720 1348 subito
751 1289 901 1369 respectu
924 1283 1218 1349 misericordissimi

170 1385 240 1465 Dei,
265 1385 404 1451 advenit
435 1386 589 1473 pissimus
612 1408 650 1451 ao
673 1385 868 1451 mitissimus
898 1391 1031 1451 sanctus
1064 1387 1218 1453 Andreas

169 1488 343 1573 apostolus
376 1488 523 1552 maximo
545 1510 620 1553 cum
642 1488 715 1553 lucc
739 1510 909 1575 apparens,
933 1493 967 1554 ct
997 1510 1070 1554 curn
1101 1488 1218 1553 bceulo

170 1611 266 1675 quem
298 1591 452 1675 gestabat
476 1612 606 1655 omnem
637 1590 773 1654 turbam
796 1591 985 1655 dromonum
1008 1591 1097 1656 dicto
1120 1590 1218 1656 citius

170 1692 209 1757 de
231 1693 328 1757 domo
350 1692 546 1779 flagellando
570 1693 675 1778 ejecit,
698 1693 808 1777 sicque
832 1714 946 1758 screno
969 1693 1067 1758 uultu
1085 1716 1217 1759 servum

169 1817 264 1860 suum
296 1796 448 1872 intuitus,
482 1817 550 1860 non
581 1796 688 1860 solum
710 1817 824 1860 vocem
846 1797 1088 1862 verumetiam
1111 1798 1217 1862 vitem

169 1898 232 1963 sibi
254 1899 298 1963 ad
320 1898 435 1963 borum
469 1899 635 1964 concessit.
684 1898 829 1964 Rediens
859 1922 936 1987 crgo
960 1922 1048 1987 roger
1071 1922 1219 1987 superos-

170 2022 232 2087 que
255 2023 352 2066 auras
375 2000 571 2088 suspirando
605 2001 786 2081 attrahens
822 2024 901 2067 mox
924 2002 1141 2068 confessorem
1164 2025 1220 2069 ve-

170 2105 241 2168 nire
262 2110 358 2190 rogat
381 2105 434 2169 cui
457 2104 568 2168 omnio
603 2110 736 2191 peccato
758 2126 818 2169 suu
840 2106 1009 2183 confitens,
1037 2105 1221 2171 munimine

170 2206 252 2272 sacri
289 2207 352 2272 olei
386 2229 423 2272 uc
456 2206 609 2293 Corporis
644 2206 769 2272 Christi
804 2212 840 2273 et
874 2207 1107 2274 intercessione
1130 2208 1221 2275 besti

170 2309 314 2375 Androm
337 2310 479 2396 apostoli
505 2311 556 2391 (ut
587 2310 763 2391 credimus)
786 2310 1034 2396 circumseptus
1059 2311 1132 2376 vita
1158 2312 1221 2375 mi·

170 2412 281 2498 gravit
312 2420 386 2499 post
417 2412 575 2489 triduum,
599 2412 672 2475 vito
701 2410 845 2487 aeterno,¹
870 2411 1004 2479 Christo
1035 2413 1220 2489 miserante,

171 2515 321 2591 donatus,
347 2515 511 2595 Quicum
540 2514 611 2578 Deo
634 2513 734 2579 Patre
758 2520 793 2578 et
820 2513 948 2603 Spiritu
978 2514 1101 2581 Sancto
1132 2516 1221 2583 vivit

172 2629 206 2687 et
229 2626 347 2712 regnat
369 2644 428 2709 por
450 2619 560 2685 omnio
583 2620 703 2686 saeculu
725 2620 940 2687 serculorum:
969 2621 1087 2687 Amen.

150 3034 171 3075 ³
255 3050 298 3143 ΙΙ
300 3050 409 3147 ncipit
426 3052 590 3138 proloqu-s
612 3051 654 3116 iu
676 3051 788 3117 cibun
813 3051 924 3117 servicii
953 3050 1107 3133 Wistuui.

216 3170 326 3268 Quum
349 3196 450 3274 'reges
481 3187 592 3251 Ducite
624 3187 802 3251 dilexerint
834 3182 1021 3252 coenobium
1055 3186 1220 3252 Eovcsbu-

171 3312 290 3369 mense,
317 3290 506 3353 intantum
530 3289 716 3354 dilexerunt
747 3289 829 3352 illud
852 3290 939 3374 quod
969 3290 1218 3355 fundamentum

170 3397 205 3459 et
221 3392 391 3457 exordium
407 3392 597 3456 monasticen
619 3390 858 3455 observationis
882 3391 1035 3476 primitus
1050 3392 1092 3455 ub
1107 3394 1220 3457 codem

171 3496 321 3561 ooenobio
344 3496 387 3559 ad
413 3495 507 3581 regni
529 3496 581 3559 sui
607 3496 763 3558 honorem
786 3499 821 3559 ct
843 3495 1139 3560 sanctificationem
1170 3517 1220 3559 us-

170 3606 391 3685 sumpserunt,
416 3604 451 3661 ct
480 3598 568 3683 opud
601 3597 819 3662 Ode-nesciam
854 3597 1020 3682 primitius
1052 3597 1222 3685 religionis

172 3702 283 3766 Dacis
318 3701 492 3765 monachos
531 3699 807 3764 Eoveshamenses
841 3700 1106 3780 constituerunt3
1134 3701 1221 3786 quod

171 3804 407 3868 rnouuslerium
432 3802 544 3867 Daciro
568 3824 671 3887 usque
687 3801 724 3865 in
739 3800 934 3866 hodiernum
958 3801 1046 3867 diem
1062 3808 1157 3867 extat
1172 3809 1222 3867 to·

170 3907 240 3971 tius
263 3905 375 3969 Dacius.
391 3904 557 3988 religionis
580 3926 696 3968 norme
711 3909 745 3967 et
760 3910 882 3969 sanctae
898 3904 1155 3969 conversationis
1164 3925 1222 3968 ex·

170 4008 315 4095 emplum
331 4015 365 4073 et
380 4009 492 4071 forma.
540 4006 689 4072 Canutus
704 4006 805 4069 etium
820 4028 880 4071 rex
896 4006 1067 4071 Danorunr
1083 4006 1222 4091 adeptus

169 4133 309 4197 regnum
323 4110 455 4195 Angliae
470 4109 557 4172 inter·
572 4114 689 4173 caetera-
705 4109 791 4172 bona
806 4130 880 4193 quse
896 4108 1037 4173 ccclesiae
1047 4107 1223 4171 Eveshum-

169 4215 243 4279 ensi
273 4212 416 4277 eontulit
451 4209 570 4297 (veluti
605 4210 815 4287 Bradewelle,
855 4210 1012 4286 Buddebi,
1043 4210 1222 4287 Neuehcnr,

167 4338 253 4402 ques
268 4316 373 4380 eidem
390 4314 531 4379 ccclesiae.
547 4313 698 4399 donarit)
712 4313 850 4377 audiens
871 4319 906 4378 et
929 4312 1118 4399 intelligens
1133 4313 1221 4397 quod
1260 4312 1264 4317 ’

167 4422 291 4485 beatus
306 4430 434 4502 martyr
444 4417 616 4481 Wistanus
632 4418 673 4481 de
689 4416 841 4503 prosapia
857 4417 971 4500 (immo
984 4415 1086 4480 lueres
1102 4422 1136 4479 et
1150 4438 1222 4480 suc-

473 4737 479 4765 ¹
499 4736 663 4800 vinculorun]
677 4735 735 4785 vitm
748 4748 856 4797 artemas,
868 4736 924 4787 MS.
