3270 5656
503 779 705 831 cnaonrcou
727 780 885 831 renarras
908 782 955 831 on
977 781 1145 833 nvnsrrnra
1302 767 1344 830 49

297 976 337 1020 ae
358 976 432 1020 enm
453 977 572 1042 magna
601 956 784 1022 intentione
815 956 995 1022 Dominum
1018 964 1052 1023 st
1082 964 1231 1024 sanetum
1262 957 1345 1043 Eog·
1397 958 1465 1010 Ml·

297 1057 424 1123 winum
442 1058 542 1144 eoepit
559 1057 731 1144 deprecari
778 1059 909 1124 Fratres
931 1065 1043 1125 autem
1065 1061 1178 1126 eadem
1193 1061 1273 1125 hora
1287 1081 1345 1147 per
1359 1028 1512 1076 ¹⁰⁴²'¹⁰⁶⁶'

299 1158 364 1223 Dei
394 1160 637 1246 providentiam
671 1160 707 1224 in
734 1162 830 1225 choro
858 1167 954 1226 erant
993 1168 1178 1248 prresentes,
1207 1184 1345 1248 quorum

296 1283 466 1348 presagom
488 1266 632 1328 mentem
649 1284 794 1328 cerneres
816 1285 859 1328 ex
880 1263 1038 1329 vultuum
1060 1264 1181 1330 indicio
1204 1264 1345 1350 quodam

297 1363 395 1428 modo
416 1363 589 1451 trepidare,
619 1386 709 1451 spem
740 1366 845 1429 futuri
875 1366 1025 1432 miraculi
1055 1366 1232 1453 concipere,
1256 1387 1347 1432 sanc-

296 1471 371 1529 tum
401 1465 595 1553 Eogwinum
624 1466 777 1532 devotius
807 1488 987 1553 exposcere,
1019 1468 1056 1532 in
1086 1490 1257 1535 commune
1281 1468 1346 1533 Dei

295 1566 496 1632 ineffabilem
511 1567 764 1634 misericordiam
779 1575 957 1655 expectare.
1005 1570 1136 1635 Infirmi
1159 1569 1344 1647 sanitatem,

295 1669 402 1734 saneti
423 1670 571 1757 gloriam,
586 1671 638 1735 sui
660 1670 722 1735 looi
744 1670 908 1748 honorem,
931 1672 1192 1758 opperiebantur.
1239 1671 1345 1751 Quam

295 1791 374 1835 vera
395 1771 585 1858 prophetica
606 1772 799 1839 admiratio!
848 1774 1010 1839 Mirabilis
1041 1774 1131 1839 Deus
1153 1774 1190 1838 in
1223 1773 1346 1838 sanetis

295 1872 383 1938 sun!
430 1873 520 1938 Dum
543 1873 631 1939 enim
664 1880 855 1940 cunctorum
889 1876 1071 1941 astantium
1104 1876 1202 1942 eorda
1225 1873 1345 1939 divini-

295 1979 350 2039 tus
372 1979 464 2040 taeta
485 1975 528 2040 od
550 1974 656 2042 futuri
687 1977 967 2063 praestolationem
991 1978 1185 2043 viderentur
1208 1982 1343 2054 arrecta,

294 2097 366 2141 eeoe
402 2076 520 2142 vident
557 2077 723 2142 infirmum
762 2078 880 2143 dextra
917 2079 1067 2166 laevaque
1105 2078 1237 2144 baculos
1275 2100 1343 2143 suae

294 2178 436 2244 miseriae
457 2177 623 2264 adjutores
645 2178 791 2265 abjioere,
815 2180 921 2266 ipsum
945 2181 980 2245 in
1004 2187 1127 2246 terram
1150 2180 1273 2257 eadere,
1291 2202 1345 2266 pe-

295 2277 370 2344 dem
393 2279 561 2345 infirmum
584 2279 772 2360 extendere,
796 2282 899 2348 donee
921 2283 1011 2347 omni
1034 2282 1184 2369 passione
1207 2281 1343 2360 solutus,

291 2381 440 2467 gaudem
462 2390 636 2470 exurgeret
659 2405 733 2448 oum
764 2383 828 2449 Dei
850 2383 1011 2451 laudibus.
1072 2384 1249 2450 Accurrere
1271 2383 1343 2446 nni-

294 2484 389 2562 versi,
426 2484 548 2571 singuli
585 2486 679 2572 qussi
711 2486 758 2551 rei
790 2486 897 2573 ignari
936 2484 1103 2551 hominem
1125 2487 1340 2570 interrogare,

294 2583 457 2671 plaudere,
491 2587 657 2667 admirari,
693 2587 873 2652 Dominum
908 2594 943 2654 et
981 2593 1131 2653 sanctum
1165 2585 1342 2673 nginum

294 2687 479 2754 collaudare
491 2695 668 2775 ooeperunt
715 2689 773 2754 Fit
797 2691 953 2776 strepitus
968 2690 1005 2754 in
1020 2689 1161 2769 eeclesia,
1185 2693 1344 2754 sonantur

293 2789 433 2869 classica,
467 2791 670 2857 attolluntur
702 2793 830 2858 oantioa
867 2793 1005 2871 divina;
1039 2792 1185 2857 omnium
1208 2789 1244 2854 in
1279 2789 1341 2855 Dei

293 2890 446 2957 laudibus
468 2899 656 2958 reserantur
678 2894 783 2959 eorda
830 2893 1023 2960 Praelibatns
1048 2914 1126 2958 vero
1149 2892 1210 2972 vir,
1233 2897 1343 2957 tanta

293 3015 367 3058 rum
404 2993 539 3059 laudmn
578 2996 726 3073 materia,
764 2996 910 3083 proprios
947 3017 1055 3061 coram
1092 2995 1190 3059 altari
1228 3000 1342 3058 saneto

294 3096 481 3181 relinquens
513 3097 655 3174 baculos,
687 3099 813 3163 cunetis
836 3098 1070 3185 spectantibus,
1093 3096 1181 3162 sanis
1204 3096 1341 3183 pedibus

296 3199 458 3264 remeavit
479 3199 522 3263 ad
547 3200 685 3286 propris,
721 3199 808 3265 clara
829 3221 907 3266 vooe
938 3200 1131 3265 benedicens
1163 3196 1342 3263 Dominum

294 3298 359 3380 Qui
383 3307 500 3388 regnat
523 3301 559 3365 in
581 3302 707 3368 saecula

557 3529 606 3596 De
629 3528 777 3616 quodam
799 3529 927 3615 leproso
948 3533 1076 3594 sonate.

337 3676 470 3745 Eisdem
495 3681 695 3767 temporibus
722 3680 856 3767 quidam
883 3679 1027 3766 leprosus
1049 3678 1124 3744 visu
1150 3676 1338 3755 horrendus,

291 3780 402 3846 dolore
424 3803 518 3869 paene
549 3783 779 3861 intractabilia,
812 3781 965 3848 universo
1003 3802 1134 3867 corpore
1172 3778 1339 3857 deformis,

290 3884 480 3948 memoriam
504 3883 611 3951 sancti
628 3884 779 3972 Eegwini
804 3884 942 3949 devotus
966 3882 1116 3968 expetiit,
1141 3886 1175 3946 et
1205 3880 1248 3944 ab
1272 3880 1339 3943 imo

290 3990 417 4071 pectore
447 3986 591 4072 gemitus
621 3985 792 4050 effundens
815 3991 966 4051 sanetum
992 3982 1056 4048 Dei
1071 3989 1110 4048 ut
1133 3982 1184 4047 sui
1207 3981 1338 4046 misere-

287 4090 381 4151 retur
395 4107 469 4152 eum
484 4109 540 4174 spe
556 4087 672 4152 salutis
695 4087 886 4153 creberrime
910 4083 1152 4172 deprecabatur.
1191 4082 1338 4147 Tandem

288 4188 348 4253 diu
385 4187 572 4277 desiderata
608 4188 745 4254 advenit
782 4189 908 4254 meritis
946 4186 1036 4253 beati
1067 4186 1131 4250 viri
1168 4183 1337 4249 miseratio

286 4288 424 4368 divina;
461 4290 665 4357 condonatur
697 4290 826 4376 petenti
856 4290 987 4354 infirmo
1019 4288 1144 4353 sanitas
1181 4285 1337 4350 laudibus

287 4391 394 4478 plena.
442 4391 555 4457 Posses
576 4414 718 4478 namque
741 4392 852 4458 videre
879 4391 1020 4457 sosbiem
1043 4388 1148 4454 veluti
1171 4387 1335 4473 quoddam

286 4498 419 4559 sontum
444 4493 486 4559 de
509 4516 640 4581 eorpore
663 4494 785 4573 cadere,
809 4494 919 4559 virum
933 4493 1081 4578 undique
1104 4514 1220 4557 sanum
1243 4491 1337 4557 effec-

287 4599 362 4659 tum
384 4594 593 4683 quamplures
617 4597 688 4661 Deo
714 4601 748 4661 et
782 4601 894 4661 saneto
920 4595 1043 4682 gratias
1069 4615 1171 4679 agere,
1198 4593 1336 4658 infirmi-

285 4700 395 4763 tstem
425 4698 608 4765 comminus
638 4698 818 4786 depositam
841 4696 923 4785 quid
944 4695 1044 4763 fuerit
1073 4694 1198 4773 testari,
1227 4694 1335 4783 ipsum

1176 4812 1203 4862 D
