3270 5656
371 805 573 856 cnsorucor
595 801 756 854 nemrim
778 806 826 854 mr
848 805 1021 854 nvrsnsu.
1158 791 1223 855 229

173 1014 235 1058 non
260 991 394 1058 nocebit
424 992 571 1058 clausula
592 993 658 1068 illa,
707 991 780 1058 Hoc
803 997 915 1057 autem
950 993 1062 1058 sciatis
1084 992 1172 1078 quod
1194 992 1223 1056 si
1235 1002 1303 1055 AJ).
1319 1010 1389 1057 moa.

172 1095 313 1179 gratiam
337 1094 463 1161 domini
485 1117 579 1183 papae
602 1100 750 1180 tempore
785 1094 885 1178 hujus
918 1094 1059 1160 actionis
1090 1093 1224 1158 habuis-

173 1217 278 1260 semus
300 1197 387 1261 sicut
408 1202 555 1283 tempore
577 1196 714 1262 alterius
737 1195 922 1273 habuimus,
938 1195 975 1260 in
998 1196 1058 1261 hac
1080 1195 1166 1262 sicut
1188 1196 1224 1260 in

172 1297 226 1362 ilia
263 1298 432 1384 praedictis
469 1297 655 1364 rationibus
692 1296 958 1363 obtinuissemus
1017 1298 1091 1363 Hoc
1121 1299 1223 1363 etiam

173 1399 380 1485 provideatis,
413 1405 452 1465 ut
481 1399 510 1464 ai
533 1400 615 1464 alias
638 1399 751 1464 literas
781 1396 1039 1484 impetraveritis
1069 1399 1157 1484 quod
1187 1398 1223 1462 in

173 1501 236 1566 illis
258 1499 471 1566 contineatur
493 1501 612 1587 petitio
634 1522 853 1587 expensarum
874 1500 1036 1564 factarum
1059 1501 1096 1564 in
1118 1499 1224 1585 prima

173 1603 229 1668 lits
250 1608 291 1668 ut
314 1603 511 1689 praedictum
533 1607 593 1668 est
641 1602 684 1666 In
705 1602 772 1666 illis
801 1603 903 1667 etiam
933 1603 993 1666 fiat
1024 1603 1142 1688 petitio
1171 1623 1224 1666 rs-
1271 1606 1273 1611 '

175 1705 320 1771 tionibus
341 1705 520 1790 praemissis
542 1705 763 1791 exemptionis
787 1710 821 1769 et
838 1703 1082 1788 jurisdictionis
1104 1725 1223 1770 novem

174 1805 388 1887 ecelesiarum,
434 1807 558 1872 scilicet
602 1807 643 1871 de
682 1805 907 1883 Chirchlencb,
955 1806 1224 1892 Kynauucrtone,

175 1908 336 1987 Westone,
375 1908 588 1989 Ambresleie,
636 1907 828 1985 Willerseie,
874 1908 1067 1986 Bradwclle,
1105 1908 1225 1987 Stowe,

176 2011 353 2088 Burthone,
371 2011 501 2090 Swelle,
516 2033 591 2096 quae
614 2031 728 2075 omnes
750 2010 921 2096 pertinent
942 2010 985 2075 ad
1000 2009 1108 2076 locum
1122 2011 1226 2076 istum

175 2134 269 2198 quem
285 2112 527 2179 Constantinus
549 2111 643 2177 dedit
664 2111 833 2191 libertati3
856 2116 890 2176 et
911 2112 940 2176 si
962 2110 1047 2177 forto
1063 2114 1227 2199 praevcnti

175 2213 300 2280 fueritis
334 2213 378 2279 ab
412 2215 564 2301 episcopo
595 2218 630 2278 et
662 2213 742 2279 iacti
775 2213 834 2290 rei,
857 2213 944 2278 sicut
966 2214 1073 2278 adhuc
1104 2236 1226 2291 sumus,

175 2317 389 2383 nihilominus
410 2338 471 2402 per
493 2315 779 2382 reconventionem
811 2315 925 2380 eadem
956 2315 1085 2402 petatis
1144 2315 1227 2382 Haec

173 2418 245 2484 ideo
275 2418 371 2483 vobis
400 2419 549 2495 dixerim,
586 2417 666 2503 quia
696 2439 765 2482 mos
795 2418 895 2482 curias
923 2416 1082 2482 Romanae
1115 2421 1166 2482 est
1188 2423 1228 2482 ut

174 2522 237 2607 piae
260 2520 385 2597 matris,
400 2527 440 2585 ut
462 2521 490 2585 si
512 2541 595 2605 quos
609 2520 704 2606 virga
726 2519 831 2605 patris
851 2519 974 2585 laeserit
996 2519 1127 2585 eosdem
1150 2520 1227 2584 ube-

176 2623 266 2688 ribus
281 2623 397 2687 matris
420 2623 448 2687 si
470 2623 543 2686 fieri
566 2626 676 2707 potest
690 2622 887 2701 consoletur,
903 2620 992 2686 unde
1015 2642 1130 2686 causas
1152 2643 1227 2705 quar

176 2725 210 2788 in
232 2746 272 2790 ea
295 2731 441 2810 aguntur
470 2745 555 2809 saepe
585 2722 753 2801 dividunt,
777 2722 864 2788 sicut
893 2730 1041 2789 nostram
1071 2721 1226 2800 fecerunt,

176 2833 213 2891 ut
246 2848 306 2914 pro
340 2830 479 2910 utraque
517 2829 612 2911 parte
651 2824 760 2889 ferant
797 2825 1008 2902 sententiam,
1042 2830 1081 2890 ut
1118 2825 1228 2890 nullus
1314 2888 1317 2895 .

178 2928 279 2992 tristis
301 2926 442 2992 recedat.
483 2926 546 2990 Pro
570 2947 689 3012 magno
712 2925 800 2990 enim
824 2927 1030 3011 reputabunt
1052 2926 1081 2990 si
1104 2927 1227 3012 episco-

178 3051 252 3114 pum
290 3028 333 3092 ab
370 3027 576 3113 impetitione
625 3034 739 3091 nostra
776 3027 886 3111 quoad
922 3050 1041 3093 novem
1079 3029 1228 3093 ecclesias

179 3130 388 3204 absolverint,
413 3131 507 3194 etin
529 3130 683 3214 expensis
715 3129 830 3194 mitius
860 3152 934 3194 cum
965 3151 1003 3193 eo
1034 3131 1170 3214 egerint,
1194 3135 1228 3195 et

181 3232 268 3296 nobis
290 3232 441 3296 ecclesias
456 3231 553 3295 vallis
575 3231 846 3315 adjudicaverint.
894 3230 977 3296 Hrec
996 3231 1091 3295 vobis
1113 3231 1228 3316 scripsi

183 3339 217 3397 ut
238 3355 341 3418 quum
364 3332 492 3397 venerit
526 3333 606 3396 hora
635 3355 749 3397 eorum
773 3331 918 3397 viriliter
945 3332 1052 3417 agatis
1075 3337 1109 3396 ct
1133 3331 1228 3397 remi-

183 3433 347 3499 niscamini
371 3435 449 3520 quia
471 3456 530 3521 ego
553 3434 623 3499 dixi
649 3434 751 3511 vobis,
774 3439 906 3499 orantes
929 3455 988 3520 pro
1010 3455 1071 3498 me.
