3270 5656
416 783 618 835 cunomcos
639 781 798 834 mnsam
821 783 868 832 ns
891 784 1061 837 uvnsflnu.
1200 773 1263 837 129

213 1070 263 1137 Dc
300 1069 404 1136 exibo
440 1075 588 1156 quatuor·
624 1068 868 1135 morrachmaos
896 1092 963 1155 pro
992 1079 1120 1137 essarto
1157 1079 1187 1138 et
1223 1074 1264 1139 dc

301 1170 596 1259 comproraa'aeiorw
627 1171 672 1238 c'a
705 1171 993 1258 wcha’epa'scopma
1025 1181 1054 1238 et
1084 1174 1265 1241 coorbitros

301 1296 387 1352 atos,
422 1282 453 1342 et
485 1274 525 1340 olo
554 1274 676 1360 prora
711 1273 887 1359 seraptem
920 1275 1211 1344 corwaetada'saam
1233 1286 1263 1345 et

301 1376 500 1443 redditam
521 1384 710 1446 calventes.

259 1512 387 1594 Quarta
419 1517 531 1579 autem
565 1514 618 1578 die
654 1514 747 1578 venit
773 1515 816 1578 ad
846 1536 906 1579 nos
938 1514 1196 1602 archiepiscopus
1226 1523 1261 1582 et
1273 1522 1422 1576 A·D·120³.

213 1617 377 1704 ingressus
399 1616 581 1703 capitulum
603 1616 724 1680 blande
755 1616 938 1702 leniterque
968 1617 1096 1682 locutus
1126 1624 1176 1682 est
1202 1619 1260 1683 ab·
1273 1602 1413 1721 ffiffi]

213 1719 292 1798 bati,
316 1718 412 1783 nobis
434 1740 513 1783 vero
528 1719 651 1798 durius,
666 1717 843 1805 objurgans
866 1741 924 1783 nos
947 1723 981 1784 et
1003 1720 1175 1806 increpans
1190 1726 1261 1786 tam
1272 1686 1376 1787 πίναξι

214 1843 272 1907 pro
304 1827 430 1886 asserto
463 1842 561 1907 quam
595 1843 654 1906 pro
686 1820 760 1885 aliis
791 1821 1097 1887 exordinationibus
1128 1825 1257 1889 nostris.
1272 1802 1405 1920 aEJffitm’

214 1923 360 1989 Tandem
390 1923 558 2010 proposuit
588 1945 626 1987 ea
653 1944 726 2008 quse
756 1946 816 2010 ego
847 1923 994 1989 dixeram
1026 1925 1064 2002 ei,
1095 1927 1261 2012 requirens
1272 1937 1399 2000 questions

214 2050 257 2091 an
280 2049 359 2092 vera
381 2031 496 2106 essent,
520 2031 554 2090 et
576 2027 686 2112 paucis
709 2027 981 2111 respondentibus
1012 2028 1089 2113 quia
1118 2028 1172 2108 sic,
1203 2004 1415 2123 ab-{'1{³{l[n⁰g¹,}k8

214 2131 289 2195 bate
312 2151 391 2194 vero
414 2129 501 2215 quod
523 2149 598 2205 non,
631 2134 665 2193 et
695 2129 801 2192 multa
823 2134 938 2193 contra
960 2136 1158 2195 conventum
1188 2155 1260 2219 pro·
1272 2138 1322 2186 and
1333 2138 1408 2187 annot

214 2239 363 2321 ponente,
387 2231 644 2317 archiepiscopus
674 2230 733 2295 lite
761 2231 807 2295 sic
837 2237 1020 2297 contestata
1042 2206 1427 2321 excommuni-ffieffffft‘r‘affd

215 2338 300 2404 eavit
322 2356 433 2401 omnes
456 2335 512 2418 qui
535 2333 618 2397 falsa
641 2334 671 2397 ei
694 2333 839 2398 dicerent
862 2335 902 2398 de
929 2339 1021 2398 statu
1043 2335 1167 2413 domus,
1191 2343 1331 2401 mmor-s.

216 2440 385 2527 decapite
410 2459 508 2522 quam
542 2435 582 2499 de
614 2436 777 2513 membris,
810 2436 863 2501 vel
895 2457 973 2500 vera
1002 2436 1153 2502 celarent.
1215 2438 1262 2503 Et

216 2546 298 2608 sacta
322 2539 482 2626 singulari
505 2538 717 2623 inquisitione
740 2544 809 2602 tam
837 2560 895 2623 per
925 2560 959 2603 se
982 2561 1081 2624 quam
1110 2563 1168 2625 per
1198 2541 1260 2606 elc-

218 2647 295 2713 ricos
331 2666 406 2709 snos
440 2646 474 2706 et
510 2641 600 2704 viros
637 2639 812 2726 religiosos
844 2641 986 2717 tandem,
1025 2643 1261 2708 communicato

218 2749 355 2825 consilio,
394 2747 443 2810 ita
479 2765 615 2808 exorsus
651 2749 703 2807 est
740 2742 1025 2829 archiepiscopus:
1067 2744 1260 2824 “Quamvis

218 2865 233 2890 ‘⁴
254 2853 339 2918 solus
362 2869 489 2936 possem
520 2847 677 2932 corrigere
708 2867 781 2930 quae
812 2847 1005 2932 corrigenda
1034 2853 1120 2923 sunt,
1149 2854 1259 2914 tamen

219 2969 232 2992 ‘⁴
253 2956 329 3042 quia
353 2953 508 3017 debemus
530 2949 640 3013 omnia
662 2949 766 3012 facere
789 2970 862 3012 omn
887 2950 1030 3030 consilio,
1061 2953 1260 3018 consulimus

220 3060 280 3123 “si
304 3057 408 3121 vultis
430 3053 517 3139 quod
547 3052 648 3116 abbas
676 3052 777 3136 eligat
799 3074 902 3115 unum
932 3053 1055 3117 bonum
1086 3054 1195 3119 virum
1226 3064 1260 3121 ct

221 3170 236 3199 “
256 3164 436 3227 convontus
458 3157 607 3231 alterum,
630 3155 666 3218 in
689 3175 769 3238 quos
797 3154 894 3217 simul
916 3160 951 3219 et
973 3157 1009 3218 in
1032 3179 1092 3220 nos
1114 3180 1259 3244 compro-

221 3263 395 3328 “mittatis
432 3259 520 3344 quod
557 3256 774 3343 appellatione
812 3264 936 3320 remota
973 3258 1110 3322 arbitrio
1148 3267 1258 3325 nostro
1299 3253 1303 3266 ⁹

222 3380 233 3403 ‘¹
254 3366 391 3441 stabitis,
431 3361 585 3447 quicquid
617 3359 702 3423 circa
731 3363 856 3423 statum
894 3360 1035 3424 ccclesiae
1074 3361 1171 3445 hujus
1205 3366 1257 3428 vel

221 3479 464 3562 “personarum
501 3451 683 3527 vestrarum
718 3461 909 3525 arbitrando
936 3462 1177 3542 dictaverimus,
1206 3468 1258 3530 vel

222 3573 350 3638 “modo
373 3567 488 3633 statim
506 3565 669 3650 judicium
693 3563 889 3649 recipiatis.’'
957 3565 1027 3650 Ego
1050 3589 1127 3631 vero
1154 3569 1257 3636 sciens

222 3679 299 3763 quod
323 3674 424 3738 abbas
450 3692 470 3733 a
496 3668 664 3732 sententia
694 3667 925 3752 archiepiscopi
949 3675 1058 3753 posset
1087 3671 1257 3756 appellare,

221 3777 359 3844 conualui
383 3773 559 3840 conventui
582 3776 620 3834 ut
642 3770 782 3833 arbitros
804 3770 1001 3854 eligeremus.
1047 3773 1160 3837 Abbas
1182 3796 1258 3841 vero

221 3883 254 3947 de
274 3880 362 3946 facili
386 3875 557 3950 consensit,
580 3874 701 3937 timens
724 3871 796 3947 sibi,
827 3877 861 3935 et
892 3874 995 3937 sciens
1026 3876 1103 3961 quia
1129 3876 1192 3941 reis
1224 3885 1258 3942 et

221 3983 416 4072 fugientibus
438 3981 575 4064 prosunt
597 3975 770 4038 dilationes
793 3979 828 4037 et
851 3977 937 4059 quod
964 3998 1032 4040 nox
1059 3978 1159 4042 habet
1181 4002 1257 4043 con-

221 4089 342 4165 silium3
374 4084 428 4146 hic
460 4082 547 4143 enirn
584 4100 711 4162 sempor
735 4099 803 4138 uros
838 4077 908 4159 ejus
938 4079 1002 4141 fuit
1031 4081 1117 4162 quod
1147 4085 1257 4146 omnia

196 4192 344 4278 ,negotia
367 4189 402 4250 in
424 4185 508 4249 diem
533 4183 683 4263 futurum
706 4180 899 4265 prorogavit.
956 4180 1000 4243 Et
1030 4181 1131 4245 abhas
1158 4184 1257 4270 elegit

222 4293 415 4359 Clementem
438 4288 591 4351 abbatem
614 4284 654 4347 dc
673 4281 827 4359 Certesia,
851 4304 910 4345 nos
942 4304 1019 4346 voro
1043 4282 1256 4351 Eustachium

221 4396 396 4481 episcopum
420 4390 592 4463 Eliensem‚
624 4391 658 4450 ct
681 4386 813 4449 firmata
837 4389 887 4447 est
919 4384 987 4448 brec
1018 4389 1257 4471 compromissio

222 4519 268 4582 per
285 4500 513 4584 juramentum
536 4495 748 4572 utrarumque
771 4487 916 4572 partium
939 4487 973 4563 in
998 4487 1104 4552 Verbo
1125 4490 1258 4557 Domini

221 4607 249 4663 et
268 4625 325 4687 per
348 4605 469 4661 oartmn
494 4593 620 4679 sigillo¹
652 4590 782 4654 abbatis
813 4595 846 4652 ot
877 4597 1056 4654 convontus
1085 4596 1256 4662 inunitam.

597 4770 603 4796 ¹
622 4765 713 4830 sigillo]
726 4762 811 4828 sigilli,
823 4765 878 4815 Ms‘.

1111 4854 1124 4898 Ι
