3270 5656
393 806 595 858 onaomcon
619 803 778 854 nnnarrn
801 802 847 851 nu
870 800 1039 850 svrsnsu
1197 785 1236 847 61

324 1123 374 1189 De
390 1120 490 1188 cereis
504 1119 580 1186 sinc
596 1117 773 1204 adjutorio
789 1114 942 1183 iromiais
957 1115 1113 1182 acceraea'e.

242 1276 320 1342 Alio
345 1280 492 1362 tempore
524 1274 603 1338 dum
637 1270 783 1358 reliquiar
806 1268 912 1334 sancti
934 1267 1085 1354 Ecgwini
1109 1288 1130 1330 a
1152 1250 1411 1369 m0n'1arissiosa.

199 1379 318 1444 asterio
340 1377 446 1443 sancti
477 1374 643 1440 Pancratii
678 1371 893 1447 deferrentur,
926 1370 1127 1456 processione
1162 1389 1243 1455 prae·
1257 1386 1366 1465 various

199 1479 332 1545 cedente
371 1501 445 1545 cnm
479 1499 572 1544 cruce
603 1480 638 1542 et
668 1473 861 1540 ardentibus
899 1472 1008 1551 cereis,
1043 1473 1179 1557 repente
1209 1468 1245 1534 vi
1257 1451 1378 1521 miracles.

201 1587 373 1648 ventorum
402 1582 485 1648 cerei
522 1578 679 1645 exstincti
700 1582 786 1643 sunt.
841 1574 907 1640 Sed
934 1596 1036 1660 quum
1063 1594 1130 1637 uno
1151 1591 1245 1658 paenc

201 1685 341 1750 miliario
374 1684 612 1772 processissent,
646 1701 758 1745 rursus
793 1677 877 1744 cerei
917 1677 1078 1742 divinitus
1112 1673 1245 1751 accensi,

201 1786 359 1865 ardentes,
382 1786 511 1853 eunctis
532 1782 737 1860 mirantibus,
764 1781 925 1847 visuntur.

260 2120 310 2213 Dc
328 2120 472 2189 maore
498 2119 596 2208 majas
617 2119 742 2208 insons
768 2141 808 2186 ec
831 2125 928 2187 atero
951 2125 1056 2206 rapto
1073 2118 1193 2205 sacrat

642 2229 818 2290 extractae.

250 2387 413 2455 Praeterea
464 2387 562 2453 multi
608 2387 811 2454 diversarum
860 2386 1097 2452 infirmitatum
1140 2385 1254 2450 morbo

207 2490 341 2568 detenti,
365 2511 466 2576 quum
490 2489 531 2555 de
552 2511 638 2576 aqua
659 2490 833 2556 benedicta
854 2489 941 2553 unde
957 2488 1131 2554 brachium
1146 2487 1253 2552 sancti

209 2592 357 2680 Ecgwini
406 2592 510 2657 lotum
548 2591 657 2658 fuerat
696 2592 890 2668 hausissent,
929 2592 1064 2657 celerem
1102 2590 1255 2656 sanitatis

209 2695 359 2762 effectum
382 2694 544 2760 maturius
573 2717 751 2782 percepere.
798 2693 959 2774 Quaedam
985 2693 1107 2760 etenim
1137 2693 1256 2759 mulier

209 2796 300 2883 cujus
339 2796 448 2863 infans
486 2796 573 2862 inira
613 2803 763 2863 materna
792 2795 936 2862 visceru¹
968 2796 1067 2862 morti
1106 2796 1257 2863 addictus

210 2901 324 2978 inerat,
355 2921 422 2978 nec,
454 2899 539 2965 sicut
574 2899 743 2986 plerisque,
775 2896 945 2965 abortivus
975 2899 1110 2978 exierat,
1140 2921 1255 2966 verum

210 3002 246 3068 in
274 3008 425 3067 materno
454 3007 549 3067 utero
580 3006 834 3089 computruerat,
866 3001 946 3066 dum
982 3003 1023 3067 de
1053 3024 1139 3089 aqua
1168 3003 1256 3068 unde

210 3106 315 3172 sancti
345 3105 493 3191 Ecgwini
524 3104 696 3170 brachium
725 3112 797 3171 erat
828 3105 933 3170 lotum
956 3126 1029 3168 cum
1052 3127 1109 3192 spe
1141 3105 1258 3170 salutis

212 3208 407 3295 sumpsisset,
441 3206 556 3272 statim
587 3207 622 3270 in
652 3207 804 3293 sequenti
842 3212 937 3271 nocte
975 3207 1146 3294 vigilando
1183 3230 1257 3272 cum

212 3310 357 3397 cognatis
371 3314 406 3374 et
421 3309 533 3375 amicis
551 3313 630 3374 ante
645 3309 802 3375 feretrum
818 3309 932 3385 sancti,
950 3308 1083 3395 dirupta
1098 3315 1149 3374 est
1164 3309 1259 3374 alvus

212 3410 308 3492 illius,
334 3411 552 3498 venienteque
582 3411 747 3476 aurifabro
778 3433 851 3476 cum
878 3409 999 3496 forcipe
1032 3415 1067 3475 et
1091 3410 1260 3476 infantilia

214 3534 284 3578 ossa
315 3514 386 3599 jam
424 3513 491 3579 fere
522 3514 629 3580 medio
667 3535 753 3579 anno
791 3513 1013 3600 putrescentia
1051 3535 1072 3578 a
1101 3515 1259 3580 maternis

215 3616 390 3681 visceribus
405 3615 608 3693 extrahente,
626 3637 700 3702 quae
723 3616 814 3702 prius
831 3615 907 3702 jugi
924 3615 1034 3682 dolore
1057 3621 1092 3682 et
1114 3616 1258 3682 maximo

217 3716 325 3784 faetore
352 3718 568 3804 torquebatur
590 3719 799 3806 postmodum
822 3718 959 3784 sanitati
981 3717 1112 3786 reddita
1134 3726 1192 3786 est.

476 4061 525 4130 De
550 4061 660 4130 attero
689 4062 836 4130 muliere
860 4069 991 4129 sanata.

260 4217 375 4282 Altera
396 4216 477 4286 item
500 4218 617 4285 mulier
637 4217 729 4305 cujus
751 4218 921 4284 brachium
954 4217 1133 4284 miserrime
1155 4218 1262 4287 fuerat

221 4324 425 4398 contractum,
472 4342 530 4407 per
578 4320 710 4388 beatum
756 4321 949 4409 Ecgwinnm
997 4342 1105 4387 coram
1149 4323 1262 4388 multis

221 4426 331 4486 sanata
353 4425 411 4488 est.
