3264 5662
594 784 781 836 arcannm
1145 772 1211 837 829

167 981 184 1007 ‘⁴
205 974 296 1038 fonte
326 973 536 1060 baptismatis
557 976 736 1061 suscipiens
758 975 802 1040 ad
835 996 973 1061 regnum
996 975 1126 1039 otrlestr
1160 996 1210 1037 re·
1232 980 1299 1035 Ad).
1312 988 1372 1039 ato.

166 1080 184 1108 “
206 1077 386 1161 generavit,
418 1078 505 1162 petit
527 1077 563 1142 in
582 1100 726 1143 uxorem.
773 1078 838 1143 Sed
856 1084 1079 1164 (pnopatnuu
1103 1100 1211 1141 ruoum

166 1183 184 1212 “
205 1179 368 1242 carnalem
390 1179 537 1244 habuisti
567 1180 723 1245 moritum
753 1185 792 1245 ut
822 1180 909 1266 putri
939 1202 1012 1245 mco
1049 1178 1213 1265 spirituali

165 1285 186 1315 ‘¹
207 1279 259 1345 vel
293 1280 412 1367 prioris
442 1280 506 1347 viri
538 1287 677 1368 cognato
708 1302 840 1367 quoquo
863 1287 960 1368 pacto
997 1281 1080 1367 jugo
1103 1280 1214 1366 conju·

166 1388 184 1416 ‘⁴
205 1382 270 1467 gali
300 1382 460 1470 jungaris,
485 1382 573 1448 Novi
597 1383 798 1449 Testamenti
813 1383 1009 1449 traditiones
1035 1389 1070 1449 et
1107 1404 1212 1447 sacro·

166 1488 184 1519 “
206 1506 278 1548 rum
316 1507 476 1551 carnonam
507 1486 690 1551 sanctiones
724 1507 792 1551 non
826 1484 1042 1572 permittunt.¹
1091 1486 1213 1573 Aequi·

165 1593 276 1653 “esee
313 1589 416 1673 igitur
448 1594 556 1653 mator
589 1612 663 1653 mea
696 1588 840 1655 consiliis
863 1589 952 1665 ineis,
987 1596 1021 1655 ct
1055 1610 1211 1677 sponsum

165 1696 183 1725 ‘⁸
208 1690 270 1755 tibi
296 1691 367 1777 jam
400 1711 465 1755 non
496 1693 692 1756 moriturum
723 1690 881 1757 tradam.”
941 1692 990 1756 At
1020 1691 1086 1770 illa,
1117 1691 1210 1755 “Fili

164 1792 259 1867 “mi,
284 1793 445 1878 estquod
475 1795 605 1860 credere
637 1792 811 1880 possiml’'
867 1794 913 1860 Et
944 1795 1014 1881 ipse
1048 1794 1212 1859 inclinans

165 1896 263 1960 matri
296 1918 365 1961 suro
397 1896 494 1973 dixit,
519 1903 537 1931 “
553 1896 757 1983 Quicumque
789 1896 922 1962 nubunt
954 1897 1096 1973 Christo,
1129 1896 1212 1963 acci·

165 1998 333 2084 “pientes
365 1998 476 2084 Ipsum
509 2021 673 2087 sponsum,
704 2004 863 2086 perpetua
893 2000 971 2066 dote
992 2000 1146 2065 ditantur
1176 1999 1212 2065 iu

165 2110 182 2135 “
204 2122 305 2187 regno
321 2102 500 2166 coelorum.'’
547 2102 593 2167 Et
608 2101 674 2179 illa,
693 2102 758 2167 “Si
773 2104 821 2167 ita
836 2109 894 2180 est,
912 2102 1091 2191 impleatur
1105 2122 1212 2170 serum

164 2209 184 2238 “
206 2225 304 2289 quem
326 2203 451 2279 dixisti,
468 2210 507 2268 ut
531 2204 699 2269 Brittiirdo
722 2205 774 2269 vel
797 2206 854 2269 alii
878 2205 1038 2271 morituro
1061 2227 1127 2271 uon
1150 2227 1212 2271 uu·

165 2313 183 2341 “
204 2306 310 2371 bam.''
355 2307 433 2370 Jam
457 2307 545 2371 enim
580 2307 669 2394 prius
703 2307 769 2371 fide
803 2308 960 2373 imbecilli
991 2308 1033 2373 dc
1059 2308 1212 2393 conjugio

164 2409 368 2495 cogitaverat
399 2431 478 2495 erga
507 2410 636 2474 affinem
668 2411 725 2494 qui
756 2416 922 2496 compater
944 2410 1015 2495 ejus
1045 2418 1124 2487 erat,
1155 2412 1212 2477 all

165 2510 336 2576 Wistanus
370 2511 441 2576 Deo
472 2512 613 2576 devotus
634 2534 656 2575 a
677 2511 837 2597 genitrice
860 2511 959 2597 hujus
989 2512 1212 2579 immunditiru

165 2612 323 2690 fomitem,
348 2613 419 2678 Deo
442 2614 632 2700 adjuvante,
647 2614 856 2700 compescuit.
903 2614 953 2679 De
971 2614 1086 2679 matris
1109 2614 1214 2699 igitur

163 2716 367 2781 continentia
388 2738 445 2802 spe
468 2717 650 2781 scitissime
671 2722 837 2803 concepta,
860 2717 1025 2783 accersitis
1047 2717 1213 2805 pnudictiu

163 2818 290 2884 nuntiis
319 2818 435 2884 beatus
458 2818 630 2883 Wistanus
661 2820 864 2884 matrimonii
898 2820 1135 2907 impedimenta
1164 2822 1212 2887 eis

164 2922 334 2996 revelavit,
357 2932 392 2986 et
413 2942 472 3008 per
495 2921 625 2985 eosdem
660 2920 829 2986 Britsardo
863 2923 1072 2987 renuntiavit
1103 2923 1209 3009 ipsum

163 3029 375 3088 commatrem
405 3045 497 3087 suam
527 3028 562 3087 et
592 3024 722 3109 cognati
756 3045 891 3089 uxorem
924 3046 989 3089 mm
1025 3026 1210 3091 ducturum.

163 3126 283 3190 Nuntii
315 3147 401 3199 vcro,
424 3125 565 3189 veritate
588 3127 728 3211 cognita,
760 3148 826 3190 uon
852 3132 985 3191 tautum
1017 3126 1207 3192 inundatum

162 3229 250 3293 beati
274 3228 419 3291 ll'istani
453 3227 606 3291 Brisardo
630 3229 685 3311 qui
712 3250 765 3291 eos
788 3229 924 3293 miserat
945 3228 1138 3315 simpliciter
1160 3252 1210 3293 rc·

162 3332 321 3408 tulerunt,
357 3330 414 3394 sed
449 3330 550 3394 etiam
586 3330 780 3416 prfuit-ntia
813 3330 901 3394 ducti
938 3331 1026 3416 quod
1057 3352 1116 3417 pro
1148 3334 1207 3397 tali

161 3434 373 3500 matrimonio
397 3435 660 3511 intercesserant,
698 3454 738 3496 nc
780 3433 925 3517 reginam
964 3434 1082 3498 amodo
1113 3456 1211 3519 super

162 3540 277 3604 illicito
304 3539 514 3602 matrimonia
545 3538 725 3601 solicitaret
747 3537 914 3601 Brilsardu
946 3540 1210 3605 eomundus-sima

162 3646 398 3729 persuasemni.
445 3641 615 3703 Brisardus
639 3640 749 3724 itaque
772 3662 828 3725 spe
851 3662 909 3703 sua
930 3642 1141 3709 fraudulenta
1154 3644 1211 3707 dc·

161 3752 283 3830 ceptus,
296 3744 413 3807 ridens
429 3743 492 3805 sibi
508 3743 622 3806 illicita
638 3742 802 3807 connubio
816 3744 1009 3810 ‹zorrtrulrere
1025 3767 1090 3813 nou
1107 3746 1211 3821 licere,

161 3847 295 3912 domino
334 3868 393 3909 suo
424 3846 522 3909 lento
554 3844 706 3908 ll'istauo
741 3846 949 3930 impediente,
986 3858 1124 3913 coriatus
1160 3860 1211 3915 esc

161 3951 202 4015 de
228 3955 334 4014 morte
359 3949 463 4034 ipsias
486 3956 640 4025 tractare,
657 3962 694 4011 ut
720 3971 758 4011 co
781 3948 822 4011 de
852 3949 962 4015 medio
985 3950 1115 4015 sublato
1138 3974 1210 4039 pro·

163 4054 307 4139 positum
332 4074 429 4115 suum
457 4052 650 4113 -relemtum
674 4050 715 4114 ad
740 4053 839 4114 linem
865 4052 1021 4135 perdant
1045 4054 1211 4119 nclimdis-

162 4156 292 4219 simum.
340 4153 406 4217 Sed
423 4160 457 4216 et
473 4153 542 4217 lnce
565 4152 690 4216 aelaria
706 4174 779 4237 spes
794 4154 909 4218 fefellit
926 4154 1097 4219 ‹lmaiuurn
1113 4178 1208 4221 suum

163 4256 360 4321 Brisardum.
385 4256 467 4319 sieut
493 4272 658 4340 ges-sunum
684 4255 885 4339 subsequens
899 4264 1040 4323 crentur
1062 4280 1210 4345 oourpro·

197 4610 487 4671 *esiqui=‹·=nmaa·s··a
508 4610 660 4671 ·;·[ri¹r.;·«··u·
680 4616 684 4655 l
704 4622 760 4655 ”ru
782 4610 786 4617 '
824 4610 928 4657 lim-nra
946 4612 1061 4669 (ιίιγιυτιι
1083 4612 1091 4657 Ι
1120 4616 1210 4673 lima,

163 4704 176 4718 ⁹·
189 4692 289 4739 duae-ru
310 4689 335 4737 iu
354 4692 501 4753 conjugum
529 4702 658 4737 carrarum
678 4688 684 4767 Ι
703 4694 736 4735 ln.
759 4690 809 4738 l'ar
831 4692 1147 4741 15⁴·.>.wl.a.rol.l·.o's.
