3264 5662
472 785 691 838 ennomoon
712 784 872 838 naman
894 786 941 838 na
963 785 1132 840 nursam
1292 777 1334 843 59

287 1074 444 1159 Qualiter
451 1073 619 1160 feretrum
633 1074 745 1141 saneti
760 1074 938 1162 Eopayiae'
952 1076 996 1142 o'n
1011 1075 1165 1164 flammae
1187 1082 1334 1146 sabewr-

376 1199 464 1258 evau,
491 1177 621 1244 er'oeam
646 1178 877 1263 permanserit
889 1203 902 1254 ,·
933 1186 963 1245 et
1001 1179 1151 1266 qualiter
1188 1181 1334 1248 serviens

377 1302 457 1346 oum
472 1278 607 1346 bractio
621 1279 771 1366 ejuratam
784 1279 829 1346 io
848 1279 959 1346 eodem
975 1281 1129 1369 flumine
1143 1281 1335 1350 audouerato

334 1507 398 1575 Res
439 1508 594 1574 admonet
634 1515 674 1574 ut
715 1509 878 1596 quoddam
927 1509 1047 1573 mirum
1085 1531 1142 1596 per
1183 1517 1332 1576 sonetum
1386 1523 1455 1574 ΑΒ.

288 1609 482 1696 Fegwinum
506 1632 614 1676 eoram
647 1611 759 1677 multis
790 1612 993 1676 insinuatum
1023 1611 1136 1677 lectori
1162 1612 1333 1678 offeramus
1348 1593 1501 1643 ¹⁰⁷⁷‘¹⁰⁸⁶·

288 1711 472 1799 legendum.
520 1713 680 1800 Reliquias
710 1714 813 1779 saneti
850 1713 915 1778 viri
946 1737 1148 1801 quocumque
1185 1683 1490 1803 deporta-{Jgfffss'fz‘h'e

288 1814 413 1880 bantur
446 1817 591 1881 maximo
619 1816 741 1882 honore
779 1817 995 1904 cingebantur
1031 1839 1224 1904 summaque
1261 1818 1335 1883 dili·
1347 1817 1420 1867 relies
1432 1816 1458 1866 in

288 1918 402 2004 gentio
415 1918 690 1999 custodiebantur.
736 1918 824 1984 Dum
841 1919 942 2006 igitur
956 1919 1095 2006 quadam
1111 1920 1164 1985 die
1187 1921 1335 1986 cirstodes
1347 1883 1501 2000 {dirimi

288 2025 475 2085 sanctarum
490 2021 701 2107 reliquiarum
716 2021 759 2086 ad
774 2021 896 2086 flumen
919 2022 1005 2108 quod
1021 2021 1143 2087 Trenta
1164 2024 1205 2088 ab
1220 2024 1335 2089 aeeolis
1348 2016 1434 2068 ment.

288 2122 454 2189 vocitatur
482 2124 714 2210 pervenissent,
737 2128 771 2188 et
792 2123 940 2210 rapidam
963 2124 1066 2210 ipsam
1088 2147 1206 2210 aquam
1229 2132 1335 2191 trans·

288 2248 396 2291 meare
418 2227 634 2292 necessarium
650 2225 829 2303 duxissent,
844 2226 1021 2291 monachus
1049 2226 1182 2312 quidam
1198 2250 1240 2292 ex
1256 2230 1334 2315 ipsis

288 2329 421 2395 nomine
444 2329 682 2406 Heremannus,
709 2329 828 2394 timens
858 2328 1004 2392 fluminis
1028 2329 1269 2395 immanitatem
1300 2336 1335 2396 et

287 2430 492 2497 tremendam
539 2431 832 2517 praecipitationem
871 2430 1077 2516 maximeque
1115 2453 1173 2518 pro
1215 2433 1334 2498 sanetis

288 2533 434 2619 reliquiis
449 2533 615 2610 sollicitus,
631 2534 768 2619 ipsemet
784 2537 862 2597 ante
877 2554 911 2596 se
927 2554 1025 2617 super
1045 2554 1164 2618 equum
1179 2535 1334 2598 scrinium

287 2635 394 2700 saneti
418 2633 567 2722 Eegwini
593 2632 764 2720 deportare
794 2633 931 2711 studuit,
962 2639 1001 2698 ut
1031 2634 1058 2697 si
1089 2635 1168 2720 quid
1199 2636 1334 2721 periculi

286 2737 456 2802 accidisset
496 2736 622 2802 meritis
658 2735 764 2801 saneti
801 2735 866 2799 viri
904 2741 1134 2822 protegeretur.
1196 2737 1334 2803 Cuidam

286 2862 366 2904 vero
391 2841 614 2904 ministrorum
637 2839 792 2925 praecepit
817 2850 856 2902 ut
878 2837 1046 2902 brachium
1067 2842 1171 2904 sancti
1186 2840 1334 2928 Eegwini

287 2942 423 3007 decollo
445 2962 636 3028 suspensum
660 2941 804 3004 maxima
827 2961 900 3003 eum
923 2941 1106 3007 reverentia
1120 2952 1333 3010 conservaret.

289 3044 447 3121 Posthaeo,
477 3044 612 3108 duetore
641 3041 850 3130 praeoedente,
880 3044 1022 3128 primum
1053 3045 1228 3110 monaehus
1259 3069 1332 3111 eum

288 3147 433 3233 reliquiis
449 3147 561 3222 saneti,
576 3144 785 3232 postmodum
809 3147 918 3210 anteri
942 3168 1203 3232 quaquaversum
1221 3172 1332 3234 seque-

287 3250 417 3314 bantur.
463 3249 585 3313 Verum
622 3247 807 3324 monnellus,
839 3248 900 3312 Dei
937 3249 1151 3333 providentia,
1189 3273 1209 3313 a
1246 3258 1333 3314 reete

287 3351 374 3416 vado
396 3351 553 3438 paulatim
575 3351 728 3415 aberrans
758 3356 792 3414 et
815 3351 847 3413 in
872 3349 1069 3436 profundiun
1092 3351 1236 3417 fluminis
1259 3375 1332 3416 curn

287 3475 408 3540 magno
434 3453 549 3518 timore
573 3453 730 3538 equitans,
755 3451 1033 3516 circumfusionem
1064 3475 1157 3538 aquae
1186 3454 1230 3518 ad
1260 3478 1331 3540 pee-

286 3563 361 3621 tora
383 3578 484 3642 usque
511 3555 705 3641 patiebatur.
752 3554 802 3616 Ea
825 3553 867 3617 ad
891 3553 1146 3619 enucleationem
1169 3558 1331 3622 virtutum

286 3658 394 3722 saneti
414 3657 561 3743 Eogwini
581 3662 819 3744 provenerant
843 3657 958 3742 quanti
981 3658 1090 3722 meriti
1113 3660 1201 3744 apud
1225 3661 1332 3725 Deum

286 3760 334 3825 sit
371 3765 502 3823 sanetus
539 3758 688 3823 fucillhne
727 3759 830 3844 possis
867 3759 1045 3844 pervidere.
1106 3760 1194 3826 Nam
1232 3785 1334 3848 quum

285 3860 444 3949 praefatus
466 3860 643 3925 monachus
665 3860 788 3925 flumen
810 3867 849 3925 ut
871 3861 1015 3926 diximus
1037 3867 1276 3942 transmeasset,
1299 3867 1334 3929 in

284 3971 420 4030 tantum
435 3969 584 4028 sanetum
607 3987 702 4027 suum
718 3962 909 4028 clarificavit
925 3964 1150 4050 Omnipotens,
1166 3973 1205 4032 ut
1220 3989 1278 4031 noo
1300 3968 1336 4030 in

285 4067 385 4132 theca
405 4066 515 4130 scrinii
537 4089 596 4130 neo
618 4066 654 4129 in
677 4065 786 4151 aliquo
808 4065 1006 4130 vestimento
1028 4068 1178 4130 monaehi
1194 4091 1260 4131 una
1275 4069 1336 4133 sal-

283 4166 368 4234 tem¹
386 4173 483 4255 gutta
497 4190 590 4254 aqum
606 4167 714 4253 quiret
728 4167 870 4253 reperiri,
883 4168 939 4232 sed
952 4168 1057 4231 veluti
1072 4191 1129 4253 por
1140 4169 1336 4236 fluctuantes

283 4275 414 4357 segetes
429 4294 485 4335 seu
508 4271 607 4335 silvas
630 4271 665 4333 in
687 4271 872 4334 autumnali
888 4275 1033 4355 tempore
1049 4270 1233 4356 equitatum
1249 4271 1336 4350 isset,

283 4374 338 4439 ita
360 4396 381 4436 a
402 4380 520 4438 natura
541 4371 743 4437 elementalis
773 4395 866 4458 aquae
889 4372 1134 4437 discriminatus
1158 4381 1336 4460 appareret.

672 4595 785 4662 'arrltem]
800 4595 889 4655 saltim,
904 4595 959 4646 MS.
