3264 5662
415 792 617 846 canonicor
634 791 791 841 suumn
808 791 854 840 nn
877 786 1046 841 svcsnnu.
1195 775 1257 841 140

201 1056 253 1122 Do
275 1055 427 1122 miserita
442 1053 572 1120 obtritis
594 1052 637 1120 iro
659 1050 838 1137 duplicem,
863 1057 892 1117 et
915 1049 1063 1137 qualiter
1085 1049 1260 1136 episcopus

295 1179 374 1224 eum
396 1154 748 1232 excommunicaverit,
764 1162 793 1220 et
809 1152 956 1239 qrooliter
978 1159 1161 1219 conlocatus
1175 1152 1262 1237 fido·

295 1260 373 1326 litor
396 1258 589 1325 secundum
622 1257 713 1346 qaod
743 1256 849 1342 prius
868 1254 1102 1343 promiserant
1125 1276 1262 1322 eunice

296 1360 456 1429 steterint.

252 1480 397 1576 Tandem
426 1511 522 1576 venit
553 1511 589 1574 in
623 1510 779 1597 Angliam
811 1515 845 1574 et
874 1508 976 1574 abbas
1009 1495 1169 1586 similiter,
1202 1506 1259 1573 sed
1271 1517 1340 1568 Ab.
1359 1521 1429 1567 120⁵.

205 1636 273 1678 non
298 1621 367 1679 tam
390 1614 464 1678 cito.
513 1613 586 1693 Quo
610 1635 711 1698 quum
746 1613 883 1692 veniret,
920 1616 955 1676 et
989 1611 1159 1698 episeopus
1188 1610 1260 1695 jam
1273 1597 1418 1712 §11¹2ssth

144 1784 149 1791 ,
206 1716 332 1802 pridem
356 1715 392 1780 in
415 1716 566 1780 absentia
588 1738 648 1780 sua
670 1715 809 1802 adeptus
839 1719 925 1779 esset
947 1713 1181 1801 possessionem
1207 1713 1261 1798 ju·
1274 1737 1370 1779 tuma

207 1817 409 1884 risdictionis
443 1814 645 1899 monasterii,
667 1818 798 1904 scripsit
836 1817 866 1882 ei
904 1816 1076 1903 episeopus
1110 1823 1149 1881 ut
1187 1837 1262 1881 eum
1274 1796 1424 1913 &gfff

208 1923 365 2007 reciperet
397 1943 471 1986 eum
505 1920 670 1986 fratribus.
725 1919 840 1985 Abbas
874 1941 960 1997 vero,
994 1918 1113 1983 clausis
1141 1918 1262 2004 januis,
1275 1929 1422 1994 nicrudby

207 2023 393 2109 episcopum
415 2023 555 2088 exclusit
577 2029 612 2088 et
635 2045 710 2087 eum
744 2021 920 2086 admittere
950 2021 1071 2100 renuit,
1095 2019 1264 2107 appellans
1275 1996 1426 2112 &fiobffll

207 2127 405 2190 auctoritate
439 2147 536 2191 novse
568 2124 786 2211 indulgentiae
818 2129 948 2189 nostae.
996 2123 1062 2188 Sed
1095 2124 1263 2210 episcopus
1275 2129 1351 2178 while
1362 2128 1420 2188 naa

209 2249 275 2292 non
291 2228 439 2292 deferens
463 2227 677 2314 appellationi
693 2249 768 2292 eum
785 2225 1093 2306 excommunicavit,
1111 2231 1146 2290 et
1161 2248 1263 2311 quum
1272 2193 1391 2321 ssssgdgff

210 2330 318 2395 nullus
351 2330 387 2394 in
421 2329 570 2416 partibus
604 2330 677 2394 istis
710 2350 809 2394 ausus
843 2333 928 2394 esset
959 2328 990 2392 ei
1024 2328 1262 2393 communicare
1275 2327 1425 2408 tainoupfe·

209 2431 360 2498 secessit¹
401 2431 557 2509 Lennam,
575 2437 609 2497 et
624 2431 671 2496 ibi
686 2430 878 2497 morabatur
892 2452 950 2516 per
964 2429 1106 2495 multum
1121 2435 1260 2516 tempus.
1273 2402 1435 2512 Ξῗὲζὲὲἳξρ,

212 2535 349 2600 Interim
373 2535 542 2622 episeopus
557 2535 691 2600 accessit
707 2536 749 2599 ad
764 2534 933 2599 abbatiam
948 2539 982 2598 et
997 2532 1160 2597 admissus
1175 2539 1226 2598 est
1241 2555 1262 2597 a
1274 2528 1317 2578 ⁰¹⁰
1329 2528 1417 2593 abbey.

212 2636 375 2716 fratribus,
400 2642 435 2702 et
460 2637 567 2702 voluit
590 2637 694 2703 tacere
717 2637 918 2723 singularem
952 2635 1199 2722 inquisitionem
1222 2636 1263 2701 de

212 2761 349 2825 persona
370 2739 510 2815 abbatis,
533 2747 567 2805 et
590 2762 691 2825 quum
725 2739 843 2804 fratres
875 2761 942 2803 non
965 2739 1170 2804 immemores
1192 2760 1267 2825 pro·

215 2842 378 2908 missionis
400 2864 468 2908 suae
491 2842 551 2907 hoe
583 2847 761 2907 renuerent
797 2847 831 2906 et
867 2841 1036 2928 episcopus
1059 2864 1113 2908 eos
1136 2847 1269 2929 propter

214 2943 272 3009 boe
294 2944 395 3010 vellet
418 2944 708 3022 excommunicare,
724 2943 875 3008 monaehi
892 2944 1100 3030 projecerunt
1124 2945 1267 3010 cucullas

213 3069 286 3111 suas
309 3047 353 3111 ad
376 3048 474 3132 pedes
497 3047 646 3134 episcopi,
669 3051 704 3112 et
727 3047 886 3111 dixerunt
921 3048 1007 3132 quod
1038 3048 1226 3113 recederent
1249 3070 1270 3112 a

216 3149 311 3214 domo
327 3150 393 3214 iste
415 3151 517 3214 donee
533 3171 631 3215 eausa
646 3149 835 3235 principalis
851 3151 952 3213 finem
967 3150 1140 3214 soltiretur
1162 3149 1269 3235 legiti-

216 3273 312 3317 mum.
375 3252 556 3339 Episcopus
594 3274 673 3317 vero
711 3252 836 3338 pietate
873 3256 984 3317 motus
1022 3252 1268 3336 inquisitionem

213 3355 350 3433 distulit,
375 3356 478 3421 etsie
501 3356 602 3420 abbas
626 3361 705 3421 tune
728 3377 786 3442 per
809 3360 1009 3421 conventum
1025 3355 1130 3420 evasit
1153 3377 1270 3419 manus

215 3458 365 3545 episcopi.

210 3746 260 3815 Do
284 3747 381 3814 tertio
409 3746 563 3814 ostreata
589 3748 618 3814 Τ
616 3746 723 3814 boma
748 3747 909 3815 morroolri
933 3755 962 3816 et
989 3747 1270 3818 aoloeusoriorum

302 3850 375 3937 ejus
397 3851 444 3916 osi
466 3851 607 3917 curium
630 3858 660 3917 ot
683 3851 850 3918 relatione
866 3851 1040 3937 judicum,
1066 3861 1094 3920 et
1119 3853 1271 3941 pericliter·

302 3953 422 4039 prium
444 3975 560 4020 coram
582 3952 724 4020 domino
742 3977 840 4041 popu
864 3963 1141 4041 composueram.

259 4103 330 4190 Ego
361 4126 449 4184 vere,
480 4104 614 4170 interim
646 4105 687 4170 de
713 4127 811 4170 causa
841 4110 956 4171 nostra
981 4105 1065 4171 bene
1088 4105 1271 4173 instructus
1284 4127 1375 4179 marle-

216 4205 374 4284 Bolonke,
399 4212 474 4293 post
497 4208 620 4272 festum
651 4209 757 4274 sancti
780 4206 950 4276 Michaelis
981 4209 1096 4275 recessi
1120 4209 1269 4291 Romam,
1282 4196 1409 4311 ἓξὲξ·

213 4313 249 4373 et
267 4293 314 4372 'in
353 4309 523 4395 praedietis
553 4310 679 4375 octabis
709 4312 816 4375 saneti
848 4311 986 4377 Martini
1016 4313 1110 4377 veuit
1145 4312 1188 4376 ad
1218 4328 1401 4379 menonem

212 4410 330 4476 relatio
346 4433 406 4498 per
420 4409 625 4497 praedictum
642 4411 795 4478 clericum
811 4413 950 4493 abbatis,
967 4407 1024 4481 sed
1040 4421 1074 4480 et
1090 4415 1272 4482 adversarii
1283 4396 1400 4449 October.

221 4601 778 4614 —an-o--o-Q--Q-aen—
790 4608 825 4614 -..
840 4610 846 4615 .
1118 4611 1141 4617 ,.
1156 4611 1233 4618 .-...

595 4715 601 4746 ¹
614 4717 725 4783 secessit]
738 4718 849 4782 occessit,
862 4718 918 4770 MS.
