3264 5662
505 771 707 821 canonicor
724 768 880 820 assiria
896 772 943 820 na
958 770 1128 821 avusnsu
1264 756 1330 825 207

289 954 385 1009 officii¹
405 956 586 1027 suppleatur.
602 980 605 987 ·
637 957 670 1012 Si
688 963 787 1012 autem
805 956 920 1011 nullum
944 955 1072 1011 officium
1096 955 1243 1010 defectum
1261 954 1332 1009 alte·
1345 960 1413 1013 Μ).
1428 968 1499 1013 1206.

289 1040 345 1093 rius
373 1040 461 1094 officii
489 1040 626 1112 supplere
650 1041 790 1111 potuerit,
810 1040 899 1095 abbas
918 1057 970 1111 per
996 1057 1115 1094 manum
1133 1038 1267 1094 celerarii
1285 1057 1332 1093 ex-

288 1124 401 1179 terioris
430 1125 573 1196 suppleat.
612 1126 769 1191 Praeterea,
796 1125 822 1180 si
841 1124 993 1196 quodlibet
1018 1124 1145 1179 officium
1170 1123 1227 1179 sibi
1245 1123 1332 1178 suffe·

287 1208 358 1262 ecrit
375 1215 406 1263 et
424 1209 537 1280 aliquid
554 1210 705 1265 residuum
724 1209 824 1274 fucrit,
838 1208 927 1263 abbas
948 1208 985 1263 de
1003 1208 1127 1264 consilio
1145 1207 1267 1278 capituli
1284 1207 1331 1262 vel

287 1293 404 1362 majoris
423 1299 453 1348 et
471 1294 595 1349 sanioris
613 1294 706 1365 partis
724 1293 756 1347 in
773 1311 809 1348 eo
827 1293 919 1347 officio
937 1292 969 1346 in
987 1310 1045 1362 quo
1063 1292 1094 1346 in
1112 1291 1239 1364 capitulo
1254 1290 1333 1362 judi·

287 1376 394 1430 caverit
411 1376 515 1431 utilius
534 1377 666 1432 ccclesias
684 1376 837 1448 expendat.
883 1375 915 1430 si
933 1393 1004 1430 vero
1027 1375 1140 1446 aliquid
1158 1375 1194 1429 dc
1213 1374 1334 1429 redditi·

287 1458 338 1513 bus
365 1461 573 1515 monachorum
591 1459 712 1516 officiis²
738 1459 896 1530 assignatis
923 1459 971 1515 vel
996 1459 1028 1513 in
1049 1464 1234 1530 perpetuum,
1255 1456 1334 1528 quod

286 1542 369 1606 absit,
389 1544 438 1598 vel
456 1544 493 1599 ed
510 1552 627 1615 tempus
645 1544 771 1599 detineri
796 1543 965 1614 contigerit,
980 1543 1029 1597 vel
1047 1542 1145 1613 aliquo
1163 1542 1249 1597 modo
1268 1559 1334 1597 eva·

286 1627 364 1680 cuari
390 1627 438 1682 vel
463 1628 597 1692 diminui,
619 1628 708 1682 abbas
736 1626 919 1683 tantumdem
937 1626 973 1681 de
991 1627 1113 1682 oonsilio
1138 1626 1259 1698 capituli
1283 1625 1334 1679 ubi

286 1711 433 1765 commode
451 1711 515 1765 fieri
534 1711 643 1782 poterit
660 1711 731 1766 alibi
750 1711 845 1766 eidem
858 1710 952 1765 officio
970 1711 1109 1780 assignat.
1149 1711 1250 1765 Liceat
1260 1727 1334 1780 prae·

286 1800 364 1848 terea
381 1795 531 1850 monachis
548 1795 747 1866 possessiones
765 1800 795 1850 et
813 1794 945 1849 redditus
964 1794 1065 1849 officiis
1090 1792 1152 1849 suis
1170 1794 1333 1865 assignatos

286 1878 376 1933 voluti
403 1879 519 1934 novalia
545 1880 678 1934 faciendo
696 1887 726 1935 ct
743 1879 877 1934 redditus
896 1878 1111 1949 augmentando
1130 1884 1160 1933 et
1177 1896 1268 1933 novos
1286 1895 1332 1932 ac·

286 1962 427 2033 quirendo
444 1964 595 2035 ampliare,
616 1983 669 2019 seu
695 1963 918 2035 quibuscunque
944 1963 1011 2018 aliis
1035 1963 1126 2033 justis
1151 1962 1247 2018 modis
1273 1981 1334 2018 me-

285 2047 399 2112 liorare,
423 2056 453 2103 et
479 2047 552 2103 alios
577 2066 632 2119 pro
657 2047 724 2103 aliis
751 2046 933 2103 tantumdem
959 2047 1126 2103 valentibus
1145 2054 1175 2102 et
1199 2047 1331 2113 utilibus,

285 2150 374 2202 quum
392 2132 521 2187 viderint
538 2132 684 2204 expedire,
699 2131 745 2187 vel
765 2131 802 2185 ad
820 2138 936 2202 tempus
954 2132 1002 2186 vel
1020 2132 1051 2185 in
1069 2137 1244 2202 perpetuum
1256 2150 1333 2187 eom·

285 2220 407 2271 mutare.
446 2216 625 2272 cellerarius
654 2216 800 2288 siquidem
827 2216 955 2271 exterior
971 2216 1041 2271 talis
1067 2216 1104 2270 de
1122 2217 1242 2287 proprio
1266 2234 1333 2271 con-

285 2307 371 2354 ventu
391 2299 471 2354 etin
488 2300 618 2372 capitulo
636 2300 672 2354 ab
699 2299 803 2354 abbate
830 2306 955 2364 creetur,
977 2299 1038 2369 qui,
1058 2301 1188 2370 exceptis
1212 2298 1333 2354 redditi·

284 2383 337 2437 bus
356 2383 566 2438 monachorum
585 2383 688 2438 officiis
714 2382 884 2454 assignatis,
906 2383 943 2437 ad
960 2388 1140 2453 praeceptum
1159 2382 1271 2437 abbatis
1290 2389 1333 2438 to·
1366 2420 1372 2435 ,

284 2467 342 2521 tius
373 2466 497 2522 abbatiae
523 2485 623 2523 curam
649 2484 765 2538 gerens,
786 2467 860 2522 sciat
887 2473 917 2521 et
941 2467 1035 2538 possit
1059 2466 1150 2520 libere
1177 2467 1331 2521 conventui

285 2551 448 2606 necessaria
465 2551 681 2615 administrare,
703 2551 817 2606 scilicet
838 2567 954 2621 panem,
977 2550 1159 2614 cerevisiam,
1182 2550 1240 2605 duo
1268 2550 1333 2621 pul·

285 2642 389 2700 menta,
422 2634 522 2706 ignem
549 2642 580 2691 et
607 2635 708 2700 salem,
729 2641 760 2689 et
787 2634 921 2706 quaedam
948 2634 1006 2688 alia
1024 2634 1055 2688 in
1073 2633 1332 2689 consuetudinibus

285 2736 427 2790 expressa.
465 2718 641 2790 Hospitibus
660 2719 749 2773 etiam
763 2716 849 2787 juxta
867 2717 1035 2773 facultatem
1047 2717 1150 2773 domus
1168 2717 1334 2789 providebit

285 2802 471 2867 cellerarius;
491 2802 565 2857 viris
587 2809 685 2858 tamen
711 2801 859 2873 religiosis
884 2801 1071 2872 coquinarius
1090 2820 1155 2872 quae
1181 2802 1217 2856 de
1239 2802 1333 2856 officio

285 2904 336 2940 suo
355 2893 433 2951 sunt,
449 2885 606 2941 videlicct³
624 2886 757 2958 personis
776 2904 878 2940 eorum
903 2886 981 2941 sicut
998 2893 1029 2941 ct
1046 2886 1196 2952 fratribus,
1211 2885 1333 2940 admini-

285 2971 399 3033 strabit,
421 2971 550 3041 exeeptis
569 2969 724 3024 abbatibus
743 2980 773 3024 et
791 2969 949 3040 capellanis
969 2988 1070 3024 eorum
1089 2971 1196 3041 quibus
1214 2988 1272 3024 non
1290 2971 1333 3025 in·

285 3056 381 3108 veniet
398 3053 511 3124 aliquid
528 3054 585 3108 nisi
604 3054 636 3108 in
653 3054 757 3108 dicbus
772 3054 889 3124 jejunii,
910 3055 987 3108 sicut
1005 3071 1058 3109 nec
1077 3055 1134 3124 ipsi
1152 3054 1259 3119 abbati,
1279 3072 1332 3109 nec

286 3136 342 3191 illis
361 3138 413 3208 qui
432 3154 500 3192 cum
525 3137 578 3191 illo
603 3137 777 3191 comedunt⁴
795 3138 843 3190 vel
868 3136 1028 3208 capellanis
1056 3137 1130 3208 ejus.
1177 3138 1242 3192 Hoc
1261 3137 1332 3192 diei·

285 3238 347 3275 mus
365 3222 423 3276 nisi
442 3222 472 3276 in
490 3222 645 3276 refectorio
663 3220 837 3284 comedant‚⁶
851 3228 885 3276 ut
902 3222 934 3275 in
951 3221 1089 3292 profestis
1113 3220 1225 3275 diebus.
1265 3221 1331 3276 Ser·

286 3303 429 3359 viantibus
442 3305 531 3359 etiam
540 3304 771 3359 obedientiarum
783 3303 907 3359 abbatiae
920 3305 1089 3358 cellerarius
1097 3303 1331 3374 procurationem

285 3387 411 3443 debitam
430 3397 460 3442 et
478 3388 624 3458 stipendia
637 3389 723 3460 juxta
738 3387 978 3442 consuetudinem
990 3387 1093 3442 domus
1106 3386 1330 3442 administrabit.

285 3471 344 3527 Iste
363 3470 482 3543 quidem
502 3472 673 3527 cellerarius
687 3473 722 3526 de
736 3472 989 3526 administratione
1008 3489 1062 3526 sua
1078 3489 1137 3526 non
1154 3470 1249 3526 solum
1262 3489 1331 3543 qua·

285 3564 328 3609 ter
345 3555 547 3626 superioribus
575 3556 627 3610 sed
653 3557 789 3626 quotiens
808 3557 871 3626 ipse
897 3554 985 3609 abbas
1014 3554 1142 3610 volucrit
1165 3562 1330 3626 compotum

284 3639 393 3703 reddat,
418 3641 469 3710 qui
496 3640 552 3695 nisi
581 3640 653 3694 bene
678 3640 935 3704 administraverit,
962 3640 1038 3694 sicut
1056 3638 1093 3693 de
1111 3639 1178 3694 aliis
1197 3639 1331 3695 obedien·

283 3724 376 3778 tiariis
404 3724 516 3779 dictum
543 3730 598 3789 est,
621 3723 785 3795 adjustum
804 3722 1042 3795 conquestionem
1060 3729 1219 3779 conventus
1238 3731 1268 3780 et
1285 3743 1330 3780 ra

283 3806 450 3862 tionabilem
468 3809 651 3864 voluntatem
670 3808 783 3863 abbatis
802 3815 983 3873 amoveatur,
1005 3814 1035 3862 et
1053 3808 1129 3863 alius
1148 3809 1248 3864 statim
1265 3809 1330 3865 loco

283 3891 374 3961 ipsius
393 3891 569 3962 subrogetur
587 3898 618 3946 et
636 3891 666 3944 in
679 3891 816 3962 capitulo.
854 3891 1019 3946 Numerum
1037 3893 1162 3946 fratrum
1180 3892 1268 3946 abbas
1287 3894 1329 3947 in·

283 3979 398 4046 tegrum
417 3982 578 4040 conservet,
605 3974 720 4029 nullum
747 3976 920 4030 monachum
945 3974 1068 4044 recipiat
1092 3981 1143 4030 aut
1166 3975 1265 4046 ejiciat
1281 3975 1329 4031 vel

283 4058 317 4112 ad
341 4067 457 4130 tempus
482 4059 530 4114 vel
557 4060 587 4113 in
611 4066 786 4130 perpetuum
813 4059 870 4113 nisi
895 4058 931 4112 dc
956 4058 1078 4113 consilio
1102 4066 1260 4114 conventus
1280 4059 1328 4114 vel

283 4144 399 4214 majoris
429 4151 460 4199 et
484 4142 608 4199 sanioris
640 4144 742 4214 partis,
769 4152 800 4198 et
829 4143 860 4196 in
886 4143 1024 4213 capitulo.
1063 4143 1211 4199 Ecclesiae
1230 4149 1329 4198 autem

283 4228 327 4282 vel
357 4228 430 4283 alios
461 4228 595 4284 redditus
614 4228 661 4283 vel
688 4228 802 4298 aliquas
839 4233 933 4282 terras
963 4244 1020 4281 non
1045 4228 1104 4283 nisi
1140 4227 1176 4281 de
1206 4228 1329 4284 consilio

284 4313 482 4368 universitatis
510 4313 556 4368 vel
584 4312 704 4382 majoris
735 4319 766 4368 et
796 4312 919 4366 sanioris
956 4311 1049 4382 partis
1074 4319 1105 4368 et
1140 4312 1173 4366 in
1201 4312 1329 4382 capitulo

285 4397 368 4450 alicui
396 4397 536 4461 conferat,
563 4414 617 4451 neo
636 4397 764 4451 rusticos
790 4396 852 4450 sine
874 4413 1016 4450 consensu
1041 4394 1200 4451 eorundem
1227 4413 1327 4450 manu·

316 4595 422 4661 'officiiJ
436 4610 486 4645 om.
505 4596 614 4662 August.
638 4596 688 4646 aad
709 4594 781 4647 Harl.
864 4593 1008 4662 πυέᾱιεὶἰοεί]
1022 4611 1070 4646 ona
1082 4596 1143 4648 ibid

288 4678 355 4727 3763.
864 4674 1020 4742 ⁴comedunt]
1035 4679 1202 4739 commodant,
1213 4677 1269 4733 Ms.

318 4752 397 4812 “suis
409 4752 465 4802 add
478 4751 540 4802 ibid.
864 4755 1021 4822 ὃσοιιιειὶωιὶ]
1034 4759 1201 4822 commodant,
1213 4758 1269 4812 Ms.
