3270 5656
487 819 689 870 ennonlcou
711 821 870 872 ABBATIAE
893 823 939 873 nn
962 823 1131 876 nvnsnsn.
1293 815 1334 879 99

286 999 395 1082 potest
431 996 518 1076 fecit,
552 1004 587 1064 et
620 998 836 1079 refectorium,
875 1006 909 1064 et
944 1000 1094 1087 regulare
1138 1002 1333 1067 locutorium
1388 1012 1456 1064 AD.

286 1122 360 1164 cum
406 1101 536 1187 capelle,
575 1108 609 1167 et
646 1100 754 1167 aulam
801 1102 970 1189 hospitum
1015 1125 1089 1168 curn
1128 1127 1255 1170 camera
1299 1111 1334 1170 et
1345 1083 1440 1196 ἓξὲξ
1445 1085 1501 1211 1¹>ss

288 1224 440 1288 magnam
489 1205 662 1289 coquinam
706 1204 791 1282 fecit,
836 1209 870 1270 et
912 1204 977 1270 duo
1012 1205 1152 1284 brachis,
1191 1206 1331 1273 scilicet¹
1345 1212 1501 1275 ordenare,

288 1305 393 1370 sancti
440 1305 604 1392 Ecguuini
641 1312 676 1372 et
724 1307 831 1372 sancti
879 1306 1048 1385 Osuualdi,
1098 1313 1133 1374 et
1176 1331 1334 1396 magnum
1346 1279 1476 1413 ἓξὲξ

287 1406 438 1486 Textum,
471 1415 507 1474 et
549 1431 675 1475 crucem
714 1410 814 1494 hujus
856 1410 998 1476 ecclesiae
1035 1412 1267 1496 pretiosiorem,
1300 1418 1336 1479 et

285 1509 413 1575 culmen
449 1510 562 1577 feretri
598 1513 702 1579 sancti
740 1513 904 1600 Ecguuini
933 1514 970 1577 in
1007 1516 1336 1601 recompensationem

287 1611 398 1678 feretri
431 1615 519 1700 quod
551 1615 653 1680 abbas
685 1615 841 1679 Mannius
874 1615 1002 1695 fecerat,
1026 1621 1061 1682 et
1090 1623 1238 1703 tempore
1267 1639 1335 1695 suo,

288 1715 433 1781 instante
479 1739 586 1783 werra
622 1722 657 1783 et
699 1722 838 1805 urgente
881 1716 967 1782 farne
999 1724 1039 1783 ut
1072 1719 1234 1796 dicebant,
1273 1720 1336 1784 filii

289 1817 391 1883 Belial
413 1819 512 1884 multi
537 1821 688 1885 monachi
710 1819 809 1906 hujus
840 1820 990 1900 ecclesie,
1013 1819 1134 1887 abbate
1161 1822 1336 1909 ignorante

288 1921 373 1986 inter
397 1921 634 2008 prendendum,
654 1945 735 1988 auro
758 1927 793 1988 et
814 1929 950 2009 argento
973 1929 1008 1988 et
1031 1923 1195 2010 lapidibus
1218 1923 1335 2010 spolia-

289 2031 414 2089 verunt.
472 2023 549 2089 Duo
578 2026 680 2090 etiam
703 2025 873 2091 thuribula
895 2030 930 2090 ct
956 2025 1152 2091 candelabra
1179 2026 1336 2091 deaurata

288 2125 369 2192 fecit
407 2126 590 2214 Campanas
611 2129 721 2205 etiam,
739 2127 953 2194 Benedictum
967 2128 1119 2193 videlicet
1141 2134 1176 2194 et
1193 2127 1335 2193 socium²

290 2229 364 2312 ejus,
396 2229 483 2309 fecit,
518 2236 552 2296 et
585 2230 820 2308 tintinnsbrda,
853 2231 976 2295 scilicet
1009 2229 1200 2296 Gloucestre
1222 2236 1257 2296 et
1286 2252 1336 2296 sc

289 2330 390 2395 cium²
422 2332 501 2418 ejus,
535 2334 715 2418 acquisivit.
773 2332 933 2418 Magnum
967 2334 1067 2397 etiam
1093 2332 1267 2397 dorsellum
1302 2339 1335 2396 et

291 2433 353 2498 duo
383 2436 489 2500 sancti
521 2435 684 2522 Ecguuini
721 2437 761 2501 de
789 2435 886 2500 choro
919 2436 992 2500 fieri
1022 2434 1105 2500 fecit.
1176 2433 1335 2521 Majorem

289 2536 386 2601 etiam
421 2538 550 2625 nigram
579 2560 692 2624 capam
715 2543 749 2603 et
771 2537 877 2603 multa
910 2538 975 2601 alia
999 2538 1206 2617 vestimenta,
1237 2537 1336 2601 libros

290 2640 387 2704 etiam
426 2647 460 2704 et
495 2645 695 2720 ornamenta,
729 2640 806 2705 huic
840 2640 980 2706 ecclcsiae
1022 2639 1205 2725 acquisivit.
1268 2638 1336 2704 Iste
1347 2651 1497 2716 appensa>

292 2742 389 2806 ctiam
420 2747 566 2829 tempore
593 2765 687 2831 papae
711 2742 900 2808 Innocentii
934 2741 1067 2808 secundi
1098 2764 1157 2828 pro
1179 2741 1335 2807 libertate
1348 2719 1446 2850 m,

291 2844 428 2909 ecclesiae
452 2844 575 2909 tuende
597 2850 711 2909 contra
732 2846 917 2931 episcopum
941 2844 1109 2910 Simonem
1132 2844 1335 2930 pedetentim
1349 2852 1444 2930 simon,

291 2967 360 3009 cum
384 2968 422 3012 eo
450 2948 588 3013 Romam
620 2948 691 3027 ivit,
716 2953 750 3011 et
773 2948 808 3011 in
831 2946 1017 3012 libertatem
1049 2947 1190 3012 viriiiter
1213 2919 1491 3036 conda-&Q

292 3051 450 3115 maritet
484 3052 519 3114 in
551 3054 644 3136 parte
678 3050 832 3128 obtinuit,
866 3056 902 3114 et
933 3071 1029 3137 super
1059 3072 1096 3114 eo
1128 3049 1336 3137 privilegium
1350 3053 1416 3104 M)-
1431 3026 1501 3104 ¹135·

290 3152 433 3238 pradicti
455 3175 549 3241 papae
572 3152 768 3239 acquisivit³

332 3443 380 3509 De
402 3442 530 3508 sanctis
551 3450 581 3507 ct
602 3441 765 3507 virilibus
786 3439 915 3507 actibus
937 3440 1064 3505 obbatis
1092 3438 1275 3508 Willteoot.

334 3605 422 3669 Huic
450 3603 602 3668 successit
634 3601 830 3666 Willielmus
872 3601 912 3665 de
943 3600 1120 3665 Andeuilla
1158 3600 1336 3666 monachus
1348 3615 1436 3665 Absor

292 3708 412 3773 Christi
439 3704 579 3771 ecclesiae
596 3704 792 3783 Cantuariae,
809 3704 867 3768 ubi
886 3704 976 3790 jacet
998 3704 1145 3790 sepultus
1167 3704 1209 3768 ad
1237 3681 1504 3806 caputfflffig‘

292 3811 376 3875 beati
403 3808 537 3874 Thomae
566 3808 733 3894 Martyris,
761 3807 819 3893 qui
845 3812 1023 3892 antequam
1044 3806 1121 3870 illuc
1145 3806 1209 3870 iret
1239 3815 1501 3872 censeamus.

291 3913 488 3978 visitationis
523 3910 653 3996 quando
686 3911 732 3974 ibi
766 3932 786 3973 a
817 3909 951 3974 domino
974 3915 1025 3974 est
1048 3909 1210 3986 visitatus,
1247 3910 1334 3973 vidit

294 4017 325 4080 in
356 4016 487 4092 somnis,
525 4014 609 4079 sicut
642 4013 800 4077 fratribus
831 4011 954 4090 retulit,
986 4011 1074 4096 quod
1104 4010 1152 4076 sol
1190 4011 1335 4096 sepultus
1454 4097 1456 4099 Ι

291 4125 358 4185 crat
381 4118 423 4182 ad
446 4117 544 4203 pedes
567 4117 645 4201 ejus.
694 4115 775 4194 Quae
791 4114 874 4179 visio
889 4113 1195 4198 interpretationem
1211 4114 1335 4200 accepit
1384 4107 1389 4119 ’

292 4244 436 4308 processu
469 4219 633 4307 temporis,
657 4226 832 4305 postquam
867 4217 982 4282 heatus
1017 4215 1157 4280 Thomas
1188 4216 1335 4303 sepultus

324 4448 445 4513 *rothen
459 4446 545 4506 silicet,
557 4445 612 4495 MS.
811 4450 813 4540 p
839 4442 1131 4505 3763,s.169;Vcsp.
1168 4444 1198 4492 B.
1211 4446 1281 4494 Μ.
1298 4452 1335 4495 18.

324 4527 450 4592 '³aocim]
465 4526 564 4589 sotium,
577 4524 632 4573 MS.
811 4565 813 4575 .
838 4524 889 4572 For
928 4539 943 4572 a
982 4524 1051 4572 letter
1084 4522 1180 4572 written
1210 4526 1242 4588 by
1276 4525 1336 4582 him,

326 4606 543 4657 ²“Postremode
563 4605 701 4653 laboresuo
718 4602 788 4651 eire-
811 4601 813 4620 “
840 4603 899 4652 with
919 4601 1042 4651 reference
1063 4609 1088 4651 to
1112 4601 1150 4650 his
1178 4612 1336 4669 controversy

296 4690 371 4752 quiem
393 4687 460 4736 dedit
483 4685 552 4733 Deus
576 4684 625 4734 viii.
650 4683 706 4732 Kal.
722 4683 788 4745 Sept.
810 4642 813 4735 Ι
841 4682 898 4730 with
919 4681 960 4729 the
980 4681 1067 4743 bishop
1084 4680 1116 4728 of*
1133 4680 1280 4745 Worcester,
1298 4701 1337 4734 see

298 4762 613 4831 (ronug,)A.D.1tes.’'
648 4742 812 4828 itandis!
842 4761 1025 4823 irrsro,p.llt.
1093 4797 1096 4803 .

1139 4845 1203 4904 02
