3264 5662
387 773 588 824 cuaomaou
611 775 770 826 1111111111
794 778 840 826 nn
863 779 1033 829 svnssau.
1189 769 1228 831 81

183 941 399 1012 Goduuinnm
441 969 550 1014 ooram
588 949 704 1016 multis
740 953 941 1040 principibus
979 954 1077 1041 hujus
1114 954 1231 1041 patrias
1268 968 1336 1020 AJ).
1350 988 1372 1021 e.

180 1043 374 1134 frequenter
403 1049 584 1137 placitavit,
608 1074 646 1118 eo
676 1055 765 1140 quod
796 1056 919 1141 injuste
955 1059 1060 1122 terras
1089 1058 1230 1124 ecolesioe
1243 1040 1397 1169 {fflfflyi

180 1151 371 1234 possideret
419 1153 494 1233 Qua
519 1154 559 1219 de
588 1177 624 1220 ro
653 1157 871 1242 dijudicatum
898 1165 948 1225 est
974 1159 1014 1239 ei,
1036 1165 1075 1224 ut
1096 1164 1229 1226 tantum
1243 1169 1392 1250 landsfrom

179 1272 301 1318 aurum
316 1259 478 1341 quantum
492 1256 563 1343 regi
577 1256 714 1324 dederat
729 1260 792 1325 sibi
815 1261 976 1338 redderet,
991 1266 1026 1326 et
1041 1263 1110 1349 ipss
1125 1268 1230 1329 terras
1243 1237 1360 1290 Godmu.

179 1355 325 1423 aoolesiae
346 1356 423 1444 jura
436 1359 603 1446 reciperat.
657 1360 754 1441 Quod
777 1368 811 1429 et
833 1364 904 1450 ipsa
925 1364 1070 1430 libenter
1092 1365 1179 1442 fecit,
1196 1371 1230 1431 et

178 1459 403 1547 quadmginta
422 1460 517 1526 hidas
539 1462 681 1529 ecolesiae
705 1465 861 1531 restituit.
906 1466 996 1532 Huic
1013 1488 1092 1532 vero
1115 1467 1230 1534 abbati

178 1561 315 1647 quidam
356 1564 489 1629 nomina
531 1562 740 1651 Agaluuinus
777 1567 879 1633 abbas
917 1570 1079 1647 successit,
1105 1575 1141 1636 et
1170 1591 1229 1635 suo

176 1669 326 1752 tempora
355 1667 524 1733 abbatiam
549 1668 649 1734 istam
681 1674 722 1734 ut
755 1670 901 1737 decessor
937 1672 1008 1759 ejus
1039 1671 1229 1758 reliqueras

175 1765 344 1854 integram
369 1771 582 1836 oonservavit

206 2073 260 2140 Do
283 2075 434 2143 usuaria
454 2075 634 2143 iauaaioua
652 2077 906 2162 possessionum
928 2077 1032 2164 liujus
1055 2079 1193 2147 abbrrlr'ro

553 2201 616 2264 por
633 2179 847 2246 Gadamarta.

222 2342 298 2425 Quo
324 2345 427 2410 etiam
450 2367 492 2410 ex
512 2344 572 2410 hac
596 2346 667 2411 luoe
683 2345 830 2410 instabili
846 2347 1017 2433 migmnte,
1033 2349 1225 2434 saepsdiotua
1239 2368 1348 2422 (tostin

171 2446 373 2512 Goduuim
402 2452 524 2514 sanotae
549 2449 691 2514 ecclesiae
717 2448 923 2513 adversarius
952 2471 1010 2536 per
1040 2452 1224 2536 potentiam
1236 2437 1396 2566 {fflffiff

169 2571 269 2614 suam
293 2550 462 2616 abbatiam
484 2552 582 2616 istam
610 2552 729 2616 iterum
760 2552 893 2629 invasit,
916 2555 1020 2617 terras
1044 2557 1079 2618 et
1102 2575 1223 2640 posses·
1237 2571 1374 2623 orthost-

168 2653 282 2719 sionsa
312 2654 460 2740 diripuit,
485 2676 607 2741 suoque
637 2653 784 2719 dominio
815 2658 930 2719 eontra
956 2655 1065 2720 Deum
1092 2636 1390 2758 1111111111-ιῖξγῦωῗέξ3

167 2755 285 2821 biliur
299 2757 509 2843 mancipavit.
564 2757 609 2822 Et
623 2757 685 2822 hoo
699 2757 770 2821 sine
780 2755 927 2842 jussione
942 2758 1027 2844 ragis
1041 2757 1170 2840 fecerat,
1186 2781 1224 2825 eo

168 2859 261 2944 quod
284 2859 353 2945 ipsa
374 2858 488 2924 eodem
514 2865 661 2946 tempore
681 2881 771 2924 mare
795 2859 957 2925 transiens
972 2859 1056 2925 adiit
1071 2863 1221 2928 comitem

167 2960 389 3026 Narmanniae
415 2961 627 3040 Rodbartum‚
655 2962 749 3048 cujus
772 2961 876 3026 filiam
901 2961 1046 3028 habebat
1077 2986 1221 3044 uxorem,

167 3063 301 3152 fugiens
337 3086 479 3149 namque
520 3067 612 3151 quasi
643 3065 783 3130 imbellis
820 3065 1039 3131 verecundae
1075 3089 1223 3153 persecu·

167 3168 298 3234 tionem
335 3167 508 3234 Susinonis
537 3169 623 3255 regis
653 3167 822 3232 fortissimi
848 3169 1028 3248 Danorum,
1052 3171 1108 3255 qui
1143 3176 1222 3234 tuno

165 3270 330 3357 temporis
351 3271 529 3336 maximam
559 3277 686 3359 partem
717 3270 815 3358 hujus
844 3271 960 3358 patnae
981 3294 1055 3338 oum
1078 3274 1222 3341 maximo

166 3374 320 3440 exercitu
342 3373 517 3439 invaserat

162 3675 221 3743 De
239 3675 346 3764 plaua
366 3674 574 3743 revocatione
600 3675 853 3762 possessionum
884 3676 988 3764 lajas
1021 3678 1159 3747 eoouuco
1191 3687 1220 3746 ot

255 3778 470 3865 particulari
503 3777 746 3864 reformatione
790 3778 956 3847 libertatis
993 3780 1151 3866 ejusdam,
1190 3790 1220 3848 ot

255 3881 361 3969 plana
399 3881 598 3968 expulsione
629 3881 785 3950 Goduiuo'
819 3905 883 3970 per
913 3882 1133 3951 Eilwarcluut
1163 3884 1218 3950 ab·

258 3984 372 4063 ouem,
387 3991 417 4052 a
440 3983 523 4051 aliis
538 3983 697 4072 operibus
713 3984 793 4072 ajala.

211 4147 281 4214 Sed
303 4148 416 4214 eodem
443 4170 571 4235 pagano
594 4147 676 4213 duae
699 4149 841 4214 secundo
865 4147 1029 4212 adventus
1054 4149 1105 4213 sui
1128 4169 1215 4214 anno
1229 4166 1297 4219 Μ).
1312 4174 1385 4223 1014.

159 4250 333 4319 divinitus
361 4251 520 4332 extincto,
553 4273 613 4316 rex
650 4251 858 4316 AEthelredus
896 4250 1038 4336 patriam
1070 4245 1372 4380 reversusffiyex·

159 4358 332 4448 quendam
353 4359 548 4425 monaahum
564 4359 814 4438 Ramesiensem,
831 4357 1053 4424 Alfuuardum
1073 4380 1213 4438 nomme,
1229 4379 1356 4448 pelleany

159 4462 340 4530 comtissa
364 4463 518 4528 anatum
542 4462 578 4526 in
605 4462 666 4529 hoc
695 4462 774 4540 1000,
844 4461 909 4542 Qui
935 4461 988 4525 vir
1019 4448 1360 4568 venerrbflisffillffl,

499 4716 505 4748 ¹
518 4714 663 4782 reliquerat]
677 4713 811 4781 reliquiar,
822 4714 878 4767 MS.

1058 4813 1081 4863 Ρ
