3264 5662
432 803 635 853 canonicos
658 804 817 854 sensns
840 806 887 854 nn
910 806 1079 856 nvrsssn.
1218 791 1283 863 177

226 986 384 1058 episeopus
403 989 565 1045 catholicus
584 989 624 1045 sit
641 994 672 1045 et
695 991 823 1062 gratiam
846 997 934 1062 atque
962 991 1196 1047 communionem
1214 1002 1450 1064 apo-A.D.1206.

226 1072 339 1126 stolicoe
352 1072 431 1128 sedis
443 1073 558 1139 habeat,
572 1081 602 1130 et
614 1091 649 1130 ea
666 1076 760 1145 gratis
773 1081 803 1130 et
821 1075 931 1146 absque
944 1077 1088 1147 pravitate
1106 1077 1190 1132 vobis
1209 1078 1283 1132 velit
1320 1071 1346 1137 [¹
1355 1074 1423 1140 163·]

225 1155 375 1211 exhibere.
422 1156 584 1214 statuimus
611 1159 700 1214 etiam
727 1165 761 1214 ut
778 1159 988 1229 wigornenses
1015 1160 1144 1232 episcopi
1163 1179 1181 1215 a
1197 1161 1281 1217 vobis

225 1238 341 1309 aliquid
360 1239 468 1310 injuste
487 1260 544 1296 non
562 1242 689 1312 exigent,
720 1242 772 1297 sed
789 1243 836 1298 his
855 1249 969 1298 tantum
990 1245 1119 1300 contenti
1138 1245 1197 1300 sint
1215 1263 1281 1315 quae

225 1329 427 1380 antecessores
445 1332 560 1381 vestros
586 1326 819 1382 antecessoribus
846 1328 909 1382 suis
928 1334 1042 1384 constat
1067 1329 1281 1384 rationabiliter

225 1406 404 1463 exhibuisse.
442 1408 636 1465 Decernimus
654 1428 725 1480 ergo
744 1416 778 1466 ut
795 1411 870 1465 nulli
889 1411 1006 1466 omnino
1024 1412 1176 1467 hominum
1193 1413 1282 1467 liceat

225 1491 429 1560 supradictum
447 1494 656 1549 monasterium
674 1499 785 1549 temere
804 1495 986 1565 perturbare,
1007 1504 1059 1552 aut
1082 1497 1146 1568 ejus
1165 1514 1280 1568 posses-

225 1573 324 1629 siones
342 1577 458 1631 anferre
476 1577 525 1632 vel
552 1577 663 1634 ablatas
689 1578 827 1643 retinere,
854 1579 997 1644 minuere,
1018 1598 1072 1636 seu
1099 1580 1281 1651 quibuslibet

225 1659 429 1716 vexationibus
442 1661 577 1731 fatigare,
592 1661 767 1717 sedillibata
778 1663 876 1717 omnia
888 1668 918 1718 et
930 1664 1047 1734 integra
1058 1671 1277 1729 conserventur,

224 1758 328 1797 eorum
346 1762 400 1816 pro
415 1763 541 1816 quorum
559 1746 770 1817 gubernatione
783 1753 813 1800 et
825 1748 1037 1803 sustentatione
1056 1766 1195 1804 concessa
1212 1754 1281 1803 sunt

224 1827 329 1882 usibus
359 1829 534 1885 omnimodis
564 1831 728 1900 profutura,
761 1830 844 1885 salva
873 1831 953 1887 sedis
983 1831 1151 1902 apostolicae
1182 1838 1280 1887 aueto-

225 1909 325 1965 ritate.

263 1994 295 2048 Si
314 2012 373 2065 qua
390 1994 483 2066 igitur
507 1996 539 2050 in
564 1998 697 2053 futurum
723 1997 923 2053 ecclesiastica
949 1998 1129 2054 secularisve
1156 2016 1280 2070 persona

224 2076 300 2133 hanc
325 2085 434 2135 nostrie
453 2080 668 2136 constitutionis
687 2082 826 2152 paginam
853 2082 948 2137 sciens
967 2088 1069 2137 contra
1086 2100 1151 2137 eam
1169 2089 1280 2137 temere

223 2163 326 2216 venire
345 2163 512 2228 tentaverit,
533 2164 659 2219 secundo
686 2165 811 2219 tertiove
838 2165 1015 2220 commonita
1040 2165 1098 2220 nisi
1126 2183 1279 2236 presump-

223 2246 334 2300 tionem
353 2265 437 2302 suam
455 2265 585 2318 congrua
611 2248 810 2303 satisfactione
829 2249 998 2313 correxerit,
1018 2250 1171 2319 potestatis
1189 2249 1278 2303 hono-

222 2330 325 2401 risque
343 2331 390 2385 sui
409 2331 553 2402 dignitate
565 2338 672 2396 careat,
693 2349 832 2402 reamque
851 2349 882 2386 se
904 2331 1005 2386 divino
1017 2331 1131 2401 judicio
1153 2333 1278 2387 existere

222 2411 260 2466 dc
273 2419 440 2485 perpetrata
457 2414 613 2485 iniquitate
632 2420 798 2486 cognoscat,
813 2422 843 2470 et
861 2432 879 2469 a
896 2415 1094 2470 saeratissimo
1110 2432 1230 2486 corpore
1249 2422 1280 2470 et

223 2514 242 2550 a
267 2499 411 2568 sauguine
429 2497 486 2554 Dei
505 2507 536 2555 et
552 2498 673 2554 Domini
704 2499 798 2553 nostri
822 2497 1029 2570 Redemptoris
1060 2499 1134 2553 Jesu
1165 2499 1278 2554 Christi
1354 2558 1356 2562 ,

222 2580 319 2636 aliena
337 2582 397 2646 flat,
426 2589 514 2654 atque
541 2583 573 2637 in
598 2589 727 2638 extremo
755 2582 886 2637 examine
909 2581 1050 2638 districtis
1077 2583 1183 2637 ultioni
1211 2583 1278 2638 sub-

219 2663 327 2734 jaceat.
360 2663 480 2721 Cunctis
493 2672 591 2722 autem
610 2665 705 2721 eidem
723 2665 788 2721 loco
807 2684 861 2721 sna
874 2666 944 2736 jura
961 2666 1147 2722 servantibus
1166 2667 1206 2722 sit
1223 2685 1277 2738 pax

223 2747 343 2802 Domini
362 2750 455 2804 nostri
474 2749 547 2804 Jesu
566 2749 688 2814 Christi,
715 2755 858 2820 quatenus
879 2748 954 2817 [et]¹
973 2749 1022 2804 hio
1046 2750 1175 2805 fructum
1195 2749 1279 2805 bona>

222 2832 347 2887 actionis
366 2833 538 2904 percipiant,
558 2838 588 2888 et
605 2833 684 2904 apud
696 2832 864 2888 districtum
877 2833 897 2887 J
898 2832 1015 2886 udicem
1026 2834 1150 2903 praemia
1161 2840 1278 2889 eternis

222 2917 305 2987 pacis
317 2917 476 2974 inveniant.
507 2916 612 2982 Amen,
626 2934 720 2981 amen,
735 2915 842 2971 amen.²
876 2913 914 2988 4
928 2917 993 2987 Ego
1002 2916 1168 2972 Alexander
1180 2919 1278 2973 catho-

221 3000 288 3054 licie
306 3001 438 3056 ecclesiae
464 3002 618 3071 episcopus
637 3001 812 3056 subscribo)
862 2997 900 3071 4
926 3001 991 3071 Ego
1019 3002 1175 3056 Hubaldus
1201 3004 1277 3057 Hos·

222 3085 326 3139 tiensis
345 3085 498 3157 episcopus
518 3084 679 3140 subscribo.
717 3081 755 3155 4
772 3085 837 3154 Ego
856 3084 1105 3140 G.⁴A1banensis
1124 3087 1278 3157 episcopus

222 3167 385 3223 subscribo.
431 3165 469 3239 4
486 3170 551 3238 Ego
580 3168 728 3222 Henricus
746 3167 901 3238 presbyter
919 3167 1095 3222 cardinalis⁵
1114 3170 1275 3224 subscribo.

221 3248 259 3322 4
271 3252 335 3322 Ego
354 3251 374 3306 J
375 3252 502 3307 ohannes
515 3252 669 3322 presbyter
682 3249 857 3305 cardinalis⁶
869 3249 1031 3305 subscribo.
1070 3247 1108 3321 4
1119 3252 1184 3321 Ego
1196 3270 1276 3321 pres·

222 3335 308 3406 byter
325 3335 373 3391 W.
397 3335 573 3391 cardinalis⁷
593 3335 754 3390 subscribo.
820 3330 858 3404 4
875 3334 940 3403 Ego
959 3333 1110 3389 Jacinetus
1138 3334 1277 3389 diaconus

223 3419 379 3474 cardinalis
399 3426 505 3474 sanctae
529 3419 631 3473 Mariae
650 3419 680 3472 in
699 3417 850 3472 Cosmidin
875 3415 1036 3470 subscribo.
1074 3417 1108 3485 4
1126 3418 1190 3488 Ego
1215 3418 1278 3473 Odo

224 3502 361 3558 diaconus
374 3503 532 3559 cardinalis
551 3502 644 3558 sancti
662 3501 800 3557 Nicholai
818 3501 850 3555 in
863 3500 988 3555 Carcerc
1002 3500 1092 3554 Tullii
1112 3501 1274 3557 subscribo.

224 3583 260 3656 4
276 3587 340 3657 Ego
368 3587 516 3642 Johennes
542 3586 681 3641 diaconus
725 3583 930 3655 [cardinalis]⁸
965 3590 1073 3641 sanctie
1112 3585 1215 3641 Mariae
1246 3587 1277 3640 in

227 3669 343 3726 Porticu
373 3671 534 3727 subscribo.
590 3670 700 3725 Datum
730 3669 854 3724 Turonis
884 3685 938 3739 per
964 3686 1084 3724 manum
1114 3670 1277 3724 Hermanni

230 3762 330 3809 sanetae
378 3755 516 3810 Romanae
561 3755 693 3809 ecclesiae
729 3751 899 3807 subdiaconi
947 3757 977 3806 et
1024 3754 1140 3818 notarii,
1186 3773 1277 3808 nonas

233 3836 317 3902 lunii,
339 3838 497 3894 indictione
516 3839 679 3902 undecima,
700 3837 914 3891 Incarnationis
937 3835 1099 3891 Dominicae
1118 3856 1192 3892 anno
1211 3839 1277 3891 mil·

234 3918 326 3976 lesimo
344 3924 502 3978 centesimo
521 3923 702 3994 sexagesimo
728 3921 825 3985 tertio,
863 3919 1049 3990 pontificatus
1076 3937 1146 3975 vero
1164 3921 1276 3975 domini

237 4003 382 4062 Alexandri
400 4026 483 4079 papae
502 4008 583 4063 tertii
602 4024 676 4060 anno
696 4011 809 4074 quarto.
848 4002 953 4067 Amen,
975 4020 1070 4068 amen,
1091 4003 1206 4058 amen.⁹

264 4251 313 4321 ἐι]
326 4257 403 4321 Vesp.
416 4257 446 4306 B.
460 4257 532 4306 xxiv.
806 4251 906 4300 'titulo
951 4259 1095 4300 sanctorum
1129 4251 1204 4301 Nerei
1251 4259 1276 4300 et

748 4273 894 4399 'Achillei
929 4331 995 4380 Ibid.

258 4460 269 4486 ‚
364 4469 368 4477 ,
513 4467 519 4477 ‚
552 4468 558 4479 ,
804 4409 1005 4459 ‘titulosanotae
1017 4409 1169 4460 Annene.
1200 4410 1263 4459 Ibid.

281 4463 411 4531 autento]
424 4466 723 4532 subscnpsr,t}ironpbonl.
804 4488 980 4537 willielmus
1028 4491 1158 4554 presbyter
1202 4490 1277 4539 titulo

224 4531 291 4587 Μ·
771 4567 1110 4618 sunctiPetrichiucula.
1144 4569 1209 4618 nie.

253 4629 483 4702 ⁴G.]Waltems;
502 4639 724 4703 (plecedsssixth
804 4645 975 4711 reordinati]
1014 4646 1078 4695 Ibid.

214 4703 372 4780 signnm)
408 4718 473 4766 Ibid.
804 4725 922 4775 'Aram
941 4763 947 4775 .
967 4725 1077 4790 ΛΜ]
1091 4743 1140 4778 om.
1153 4727 1213 4776 ibid.

1116 4825 1143 4872 M

263 4356 351 4410 'Anca
371 4400 376 4411 .
397 4399 403 4412 .
422 4400 428 4411 .
445 4362 528 4427 amen]
540 4362 631 4411 Amen.
659 4361 724 4410 Ibid.
