3264 5662
411 807 611 861 cssomcos
635 805 792 856 melers
815 807 861 854 ns
885 803 1052 857 svssssn
1190 790 1254 855 285

221 987 415 1055 Imttultone
439 983 526 1070 quod
549 981 713 1068 quondam
736 980 801 1046 fuit
823 979 908 1045 labri
935 979 1057 1046 ibidem
1092 981 1258 1047 redditum

218 1096 356 1177 quatuor
379 1088 564 1152 solidorum.
610 1086 659 1148 Ao
681 1083 781 1148 etiam
805 1082 844 1148 de
868 1082 1006 1148 dimidia
1020 1084 1150 1171 virgata
1164 1089 1260 1150 terme

219 1215 288 1279 quae
311 1193 377 1256 fuit
401 1188 571 1254 Willielmi
595 1186 794 1272 Wythelard
815 1186 852 1250 in
875 1186 988 1251 eedem
1011 1186 1179 1251 reddItum
1206 1187 1262 1251 de-

218 1318 285 1360 cem
309 1293 498 1360 solidorum.
560 1289 722 1355 Similiter
745 1289 786 1353 do
808 1288 947 1353 diversis
969 1291 1166 1355 tenementis
1189 1311 1262 1376 queo

218 1399 351 1463 fuerunt
386 1395 551 1481 quondam
584 1393 606 1458 J
609 1392 747 1456 ohannis
770 1391 811 1456 de
841 1391 1064 1477 Wytohurohe
1087 1393 1128 1458 de
1151 1394 1264 1458 eadem

221 1501 383 1565 redditum
408 1496 581 1582 sexaginta
601 1496 746 1581 quinque
777 1493 953 1559 solidorum
976 1503 1011 1561 et
1033 1496 1143 1561 decem
1167 1496 1265 1562 dena-

222 1605 351 1668 riorum.
388 1601 475 1666 Item
492 1601 528 1663 in
539 1597 858 1664 South·Luttultone
872 1597 1048 1684 aequisivit
1067 1621 1171 1663 unum
1186 1621 1268 1665 mes-

222 1706 371 1793 suagium
403 1711 437 1769 et
467 1710 533 1768 tres
562 1701 708 1787 virgatas
731 1706 827 1765 terne
853 1723 926 1766 oum
956 1702 1165 1788 pertinentiis
1196 1725 1269 1789 quse

222 1809 356 1875 fuerunt
379 1806 470 1871 Petri
493 1805 619 1890 Grynel
642 1804 677 1866 in
701 1803 823 1868 eadem.
870 1803 958 1869 Item
980 1803 1022 1870 de
1044 1827 1112 1869 una
1133 1805 1271 1871 dimidia

223 1914 353 1998 virgata
367 1916 464 1974 terrm
487 1908 523 1972 in
543 1907 733 1993 Hamptone
754 1928 827 1990 qum
850 1905 915 1971 luit
935 1906 1099 1992 quondam
1115 1907 1268 1973 Amioiae¹

200 2015 263 2091 ,de
288 2014 473 2098 Bamptone
507 2009 673 2074 redditum
704 2016 829 2094 septem
852 2009 1037 2075 solidorum.
1083 2011 1272 2097 Aequisivit

226 2118 323 2182 etiam
347 2116 383 2179 in
408 2114 580 2177 Hudeeote
604 2111 772 2177 redditum
794 2111 918 2198 viginti
940 2112 1143 2191 solidorum,⁹
1168 2121 1202 2179 et
1231 2115 1272 2180 de

224 2241 289 2284 uno
312 2217 494 2302 messuagio
518 2221 640 2279 etune
663 2221 814 2280 carucata
836 2220 934 2281 terme
956 2216 992 2280 in
1015 2216 1126 2282 eadem
1150 2217 1273 2282 villana

224 2322 392 2387 redditum
408 2319 580 2405 sexaginta
594 2317 780 2382 solidorum.
827 2317 915 2382 Item
939 2319 979 2382 de
1003 2341 1067 2383 ano
1090 2321 1272 2407 messuagio

226 2432 259 2490 et
293 2424 423 2488 duabus
445 2420 585 2508 virgatis
615 2425 712 2485 terrae
735 2421 771 2483 in
795 2420 1003 2505 Donyntoun
1033 2421 1199 2487 redditum
1222 2423 1272 2487 vi-

226 2528 310 2613 ginti
343 2530 488 2611 quatuor
519 2523 706 2587 solidorum.
763 2521 925 2587 Similiter
947 2524 987 2587 de
1009 2545 1076 2589 uno
1100 2525 1273 2611 curtilagio

227 2636 260 2695 et
282 2650 348 2693 uno
372 2634 465 2714 prato
489 2625 613 2690 ibidem
640 2625 807 2690 redditum
830 2625 953 2710 viginti
975 2627 1073 2690 unius
1096 2627 1274 2692 solidorum

226 2738 259 2797 et
275 2736 415 2818 quatuor
429 2730 644 2793 denariorum.
693 2726 780 2792 Item
799 2729 973 2813 aequisivit
996 2729 1084 2815 apud
1107 2730 1275 2795 Bortoun³

228 2836 267 2900 de
281 2834 434 2899 Iohanne
452 2828 696 2916 Wytohuroho⁴
719 2852 777 2894 sex
799 2852 890 2894 aeras
912 2833 1001 2917 prati
1020 2831 1121 2916 juxta
1144 2832 1276 2920 Stapul·

227 2935 344 3015 mede,⁵
371 2942 405 2999 et
428 2935 518 2999 valet
541 2955 599 3019 per
621 2955 745 2996 annum
769 2933 908 3019 triginta
931 2934 1057 2999 solidos,
1115 2935 1276 3000 Similiter

228 3042 261 3104 in
276 3039 388 3104 eadem
412 3037 452 3102 de
475 3037 588 3101 eodem
611 3035 633 3100 J
636 3035 765 3099 ohanne
789 3033 829 3100 de
851 3040 941 3121 terra
956 3037 1120 3121 quondam
1137 3038 1276 3103 Walteri

229 3143 411 3227 Donynton
448 3139 616 3203 redditum
649 3138 813 3201 sexdecim
846 3139 1029 3203 solidorum.
1091 3141 1278 3227 Aequisivit

228 3247 327 3311 etiam
365 3243 452 3329 apud
486 3241 656 3325 Baddesey
691 3240 730 3303 de
766 3246 853 3304 terra
879 3239 1049 3306 Willielmi
1088 3243 1278 3307 seneschalli

228 3347 393 3412 redditum
437 3344 609 3429 sexaginta
646 3343 831 3407 solidorum.
893 3343 939 3407 Et
976 3345 1064 3429 apud
1102 3345 1278 3431 Twyforde

228 3449 406 3535 aequisivit
422 3469 525 3511 unum
548 3446 768 3530 messuagium
785 3467 858 3510 eum
882 3446 1010 3511 duabus
1026 3449 1165 3534 virgatis
1181 3456 1278 3514 terrae

229 3558 262 3617 et
284 3550 423 3615 dimidia
446 3554 480 3613 et
503 3570 578 3612 oum
601 3569 667 3611 una
691 3547 836 3633 piscaria,
863 3571 938 3634 quae
954 3549 1067 3615 valent
1083 3573 1279 3637 perannum

230 3653 470 3741 quinquaginta
492 3650 619 3715 solidos.
660 3650 727 3714 Iste
744 3650 876 3735 quidem
899 3652 1001 3717 abbas
1031 3676 1132 3739 quum
1158 3655 1281 3741 praede-

228 3778 366 3821 cessores
405 3754 455 3817 sui
490 3753 646 3839 quosdam
679 3755 796 3817 fratres
822 3761 956 3819 vocatos
989 3777 1161 3822 conversos
1184 3780 1281 3844 super

230 3859 383 3924 maneriis
406 3855 503 3921 vallis
527 3855 785 3936 constituissent,
810 3858 866 3942 qui
894 3859 1005 3923 omnia
1024 3882 1117 3945 paene
1133 3860 1283 3924 demoliti

230 3969 314 4037 sunt
339 3961 381 4024 ad
405 3981 559 4044 magnam
583 3958 764 4023 utilitatem
798 3959 895 4024 istius
919 3962 1045 4039 domus,
1073 3984 1114 4027 ne
1143 3962 1281 4027 ulterius

230 4062 436 4150 proprietarii
460 4063 579 4125 fierent
606 4082 717 4125 omnes
740 4064 886 4126 revomri
909 4063 996 4140 fecit,
1012 4069 1178 4129 uteorum
1202 4071 1283 4130 vota

222 4166 360 4252 jejuniis
385 4171 418 4229 et
441 4164 643 4227 orationibus
666 4164 702 4227 in
725 4167 924 4230 monasterio
956 4167 1171 4253 perficerent.⁶

240 4313 451 4320 ——--..
473 4313 508 4318 .-

265 4379 704 4446 ¹Amicioe]Avieioe‚Harl.3.'fi³.
754 4393 757 4439 ι
820 4382 829 4408 ⁵
842 4381 919 4443 juxta
946 4381 1113 4450 Smpulmede]
1132 4388 1200 4450 quod
1218 4386 1286 4449 jaser

264 4460 406 4510 ²rrddr'tum
443 4460 528 4524 oiqinli
571 4456 627 4522 sod]
659 4458 730 4507 xxvii
755 4483 758 4530 r
782 4461 858 4523 juxta
871 4462 1072 4525 stapelmedeve.
1108 4466 1172 4516 lbid.

235 4541 338 4601 ,olidos
362 4539 426 4588 lbid.
757 4596 759 4612 Ι
820 4538 898 4588 ‘Iste
918 4541 1200 4614 quidem-perficerent]
1235 4564 1286 4599 om.

267 4623 275 4650 ¹
295 4617 417 4682 Borlorn]
431 4617 612 4666 Borouthtonn.
637 4616 701 4665 lbid.
787 4618 859 4667 Harl.
869 4624 943 4680 3763,
955 4621 1069 4684 together
1080 4624 1140 4673 with
1152 4627 1194 4677 the
1206 4628 1286 4679 whole

267 4701 275 4726 ⁴
300 4695 470 4761 llyrcturcle]
489 4697 519 4744 de
529 4695 734 4745 whitechurche.
786 4697 816 4746 of
832 4697 873 4747 the
884 4707 946 4748 next
968 4716 1039 4766 page,
1059 4704 1108 4752 and
1129 4704 1172 4755 the
1190 4717 1288 4772 greater

239 4779 299 4829 lbid
788 4776 888 4839 portion
900 4777 932 4826 of
944 4793 968 4842 p.
982 4782 1037 4830 287,

1306 960 1380 1011 ΑΙ).

1276 1032 1430 1081 1282-1816.
