3264 5662
423 824 628 874 cusomcorv
651 824 806 873 assarna
831 826 876 872 nn
900 826 1067 874 avesniis.
1250 809 1270 879 7

237 1016 297 1087 turn,
320 1011 378 1096 qui
403 1011 493 1076 inter
515 1013 655 1098 corporis
679 1012 729 1076 sui
753 1033 916 1098 pressuras
940 1018 973 1074 et
995 1011 1190 1095 abjectiones
1212 1032 1271 1074 nec
1284 1025 1440 1080 A.D.c.7oo.

234 1113 398 1178 mundanas
429 1114 542 1180 laudes
572 1116 719 1202 captavit
748 1136 807 1180 neo
836 1120 984 1200 aspectus
1022 1113 1192 1178 hominum
1223 1137 1271 1178 re-

233 1216 363 1280 cusavit!

651 1514 779 1580 Lecmo
796 1514 834 1578 V.

264 1678 414 1763 Denique
438 1678 522 1742 ferro
545 1676 666 1742 vinctis
689 1677 828 1763 pedibus
852 1677 988 1741 Romam
1012 1677 1202 1764 ingreditur,
1227 1686 1268 1756 et,

228 1781 304 1866 quod
326 1780 474 1845 maxime
497 1780 702 1865 quaesiverat,
726 1780 761 1843 in
785 1780 917 1844 ecclesia
943 1780 1032 1845 beati
1056 1780 1147 1844 Petri
1177 1804 1270 1866 apos-

226 1884 353 1949 tolorum
372 1883 540 1969 principis,
561 1882 602 1947 ad
623 1883 803 1947 orationem
818 1884 1042 1969 prosternitur.
1080 1882 1175 1962 Quod
1191 1885 1269 1949 dum

225 1988 266 2050 vir
286 1992 421 2052 sanetus
435 1986 590 2072 vigilanti
614 2009 691 2050 cura
714 1986 849 2073 peragit,
874 1988 1081 2073 omnipotens
1098 1986 1187 2051 Deus
1211 2009 1269 2073 pro

224 2110 306 2154 servo
329 2111 390 2154 suo
413 2088 550 2174 vigilare
567 2087 785 2152 non'desistit.
832 2087 970 2153 Interim
992 2111 1132 2175 namque
1154 2090 1268 2154 famuli

222 2190 283 2276 ejus
305 2214 365 2277 pro
388 2191 471 2256 cibis
494 2190 638 2255 emendis
661 2190 704 2254 ad
726 2190 847 2254 flumen
870 2196 1024 2278 pergunt,
1048 2192 1166 2276 quibus
1189 2215 1268 2257 ven·

220 2293 332 2358 ditores
364 2293 485 2379 piscem
517 2293 666 2370 offerunt,
699 2315 764 2378 quo
788 2299 898 2378 empto
922 2300 956 2357 et
979 2299 1145 2379 asportato
1169 2300 1203 2358 et
1226 2317 1266 2359 ex

221 2416 300 2461 nore
316 2395 490 2461 condiendi
506 2402 703 2471 exenterato,
718 2395 952 2480 omnipotentis
968 2395 1030 2460 Dei
1047 2396 1268 2461 manificontia

221 2499 409 2586 compedum
444 2497 635 2563 claviculam
673 2498 791 2582 quibus
821 2499 874 2560 vir
905 2503 1036 2562 sanctus
1065 2497 1163 2584 pedes
1193 2521 1267 2564 suos
1281 2520 1427 2587 Thekeyis

219 2602 414 2666 astrinxerat
425 2601 461 2663 in
473 2598 660 2665 visceribus¹
680 2599 776 2685 piscis
789 2599 973 2676 inveniunt,
985 2599 1170 2686 ferrumque
1179 2603 1268 2686 quod
1281 2589 1359 2637 f⁰¹¹¹¹d
1370 2590 1396 2639 ¹¹¹

219 2703 373 2791 Anglicus
394 2703 517 2768 fluvius
540 2703 759 2780 absorbuerat,
787 2700 953 2767 Romanris
979 2703 1104 2768 Tiberis
1126 2704 1266 2770 exhalat.
1281 2655 1403 2772 ilealliiiy

220 2804 278 2871 Pro
300 2807 443 2892 antiquo
466 2805 567 2892 igitur
589 2811 710 2869 statere
733 2805 889 2891 piscantis
913 2805 1010 2883 Petri,
1026 2827 1132 2869 coram
1155 2807 1269 2872 multis
1282 2789 1419 2906 ξζὲἕῂᾞξ

218 2909 362 2975 redditur
378 2908 538 2973 clavicula
552 2908 675 2971 famulo
687 2907 821 2986 Christi,
832 2930 897 2993 qua
912 2929 945 2971 se
961 2909 1059 2973 sciret
1074 2910 1267 2974 solvendum

217 3014 320 3099 gratia
353 3012 455 3098 ipsius
487 3011 627 3076 coelestis
661 3011 822 3096 clavigeri.
878 3011 1070 3098 intelligens
1093 3013 1194 3098 igitur
1217 3014 1269 3078 vir

219 3114 274 3180 Dei
300 3114 558 3202 peregrinationi
588 3119 764 3199 assumpte
791 3113 897 3177 inesse
922 3113 1065 3177 fructum
1089 3127 1121 3178 et
1145 3121 1267 3200 optata

218 3217 437 3282 exauditionis
461 3216 621 3295 effectum,
650 3238 706 3301 per
730 3216 839 3279 omnia
861 3215 1025 3280 voluntati
1049 3216 1112 3280 Dei
1135 3239 1168 3280 se
1192 3218 1268 3281 sub·

215 3319 336 3403 jiciens‚
362 3341 470 3383 coram
494 3319 619 3382 cunctis
642 3318 765 3382 clavom
789 3319 915 3403 accepit
938 3324 971 3381 et
994 3318 1125 3382 vincula
1148 3319 1268 3403 quibus

217 3422 456 3508 astringebatur
493 3421 656 3485 reseravit.
734 3419 839 3484 Tanta
876 3420 1022 3483 miraculi
1064 3422 1194 3484 novitas
1232 3423 1267 3486 in

218 3544 325 3589 omnes
349 3523 465 3608 erupit,
484 3522 620 3586 Romam
636 3522 758 3607 implet.
806 3521 870 3600 Qui
887 3521 1078 3585 miserabilis
1093 3544 1129 3586 ac
1146 3524 1265 3588 noxius

110 3624 114 3640 '
220 3628 403 3712 putabatur,
444 3631 574 3689 sanctus
605 3631 638 3689 et
669 3625 864 3689 venerabilis
903 3626 1136 3711 coruprobatur.
1185 3626 1266 3705 Quis

221 3730 308 3793 illurn
332 3729 446 3793 videro
467 3750 534 3792 non
557 3728 728 3792 certabat?
773 3726 854 3806 Quis
884 3728 926 3791 ab
953 3749 990 3792 eo
1021 3728 1168 3794 benedici
1198 3752 1265 3794 non

222 3831 414 3896 lestnmbatl
460 3831 535 3917 Ipse
559 3831 657 3894 otiam
681 3829 886 3893 venerandus
917 3851 1001 3914 papa
1017 3829 1263 3906 Constantinus,

223 3936 346 4020 oogrrito
387 3934 490 3997 sancti
527 3933 588 3996 viri
620 3932 766 3996 adventu
799 3940 833 3996 et
867 3931 1039 3995 solutionis
1073 3933 1264 4017 compedum
1279 3950 1390 4015 agarus

224 4037 369 4103 miraculo
408 4036 587 4122 praelibata,
626 4034 748 4099 auditis
786 4034 885 4098 ctiam
922 4033 1086 4098 laboribus
1124 4035 1194 4118 ejus
1232 4043 1266 4100 et
1278 4018 1421 4147 {gssgffl‘

224 4141 375 4226 angrustiis
407 4140 441 4202 in
465 4140 580 4203 itinere
603 4137 768 4223 perpessis
793 4136 885 4199 illurn
909 4137 951 4199 ad
982 4160 1015 4199 sc
1046 4136 1156 4200 venire
1179 4137 1264 4217 feeit,
1279 4152 1366 4214 hythe

226 4242 378 4306 volentem
394 4241 456 4305 sibi
472 4241 633 4327 prosterni
645 4239 744 4325 digna
758 4239 940 4303 reverentia
955 4237 1106 4314 detinuit,
1120 4244 1153 4302 et
1169 4262 1262 4324 quern
1278 4218 1360 4281 ΜΝ·

228 4346 409 4409 auctnritate
455 4343 630 4429 apostolica
686 4342 856 4406 benedixit
902 4347 1035 4426 propter
1081 4343 1264 4407 sinctitatis

230 4448 369 4512 neritruu
392 4447 434 4511 ab
458 4469 495 4511 eo
519 4446 777 4510 benedictionem
801 4445 951 4530 suscepit.

716 4650 1260 4661 ...ῃω--ψω--υ-Ὴ

525 4768 531 4797 ¹
545 4765 687 4831 uisceribus]
703 4764 833 4826 sionibus,
846 4765 901 4816 MS.
