3264 5662
365 807 569 860 ossomcon
591 805 748 857 ssusnn
771 805 819 855 nr
841 804 1010 856 massin.
1148 789 1213 859 197

157 989 242 1076 quia
264 987 378 1053 odiosa
400 991 458 1051 est.
516 985 582 1050 Vos
606 984 710 1071 igitur
733 988 815 1070 quot
837 984 937 1069 hujus
960 983 1030 1049 litis
1053 984 1093 1049 do
1114 982 1213 1048 liber·
1226 985 1382 1038 A.D.1206.

159 1099 234 1158 tate
256 1090 357 1155 vallis
373 1088 562 1154 discertatio
584 1092 620 1152 et
643 1109 750 1153 causae
773 1087 893 1152 decisio
917 1091 1078 1172 expectat,
1095 1085 1211 1170 adjuro
1225 1066 1373 1184 fflffile

158 1219 221 1284 per
241 1194 360 1260 Jesum
384 1190 554 1258 Christum
577 1189 701 1254 Filium
717 1189 865 1275 Virginis
887 1210 962 1275 quse
984 1189 1082 1275 elegit
1104 1189 1211 1253 locum
1225 1200 1333 1251 mainn-

160 1299 273 1372 istum,
304 1301 345 1360 ut
377 1293 539 1380 (exemplo
570 1293 676 1357 nostri
707 1293 765 1378 qui
796 1298 850 1358 tot
872 1293 967 1368 mala,
997 1296 1037 1357 ut
1061 1290 1211 1376 audistis,
1224 1268 1381 1400 baidepiifvi-

159 1423 221 1488 pro
235 1399 388 1464 libertate
410 1395 509 1481 hujus
524 1395 666 1460 ccclesiae
689 1395 921 1481 sustinuimus)
938 1394 1080 1459 viriliter
1095 1394 1211 1480 agatis,
1226 1401 1302 1467 leges.

160 1525 222 1569 nec
255 1500 389 1586 aliquod
420 1498 597 1564 discrimen
627 1496 725 1582 hujus
755 1498 868 1563 saeculi
886 1497 1026 1582 jacturae
1048 1496 1213 1561 libertatis

160 1604 325 1691 reputetis
357 1600 583 1688 comparabile,
608 1600 687 1686 quia
709 1600 738 1665 si
760 1600 856 1664 vallis
885 1600 1074 1665 libertatem
1096 1599 1212 1664 amise-

160 1708 244 1782 ritis,
269 1705 420 1771 ecclesias
444 1709 479 1769 et
502 1703 644 1768 decimas
666 1708 702 1767 et
724 1703 924 1768 coercionem
955 1702 1211 1778 malefactorum,

161 1831 238 1895 quae
271 1808 373 1894 pluris
405 1812 464 1883 est,
487 1804 702 1893 proculdubio
735 1805 907 1883 amittetis,
930 1812 964 1871 et
986 1827 1145 1892 pauperes
1179 1808 1213 1869 ct

162 1911 275 1977 miseri
292 1910 394 1990 eritis,
410 1914 445 1974 et
461 1908 564 1995 (quod
579 1907 668 1973 absit
681 1911 701 1993 Ι)
718 1907 891 1973 invenient
908 1930 965 1973 vos
988 1908 1075 1972 mala
1097 1908 1134 1972 in
1156 1929 1213 1972 ex·

162 2019 269 2080 tremo
285 2019 440 2098 tempore.
486 2010 573 2090 Quia
595 2031 682 2086 ver0,
696 2016 737 2075 ut
758 2011 795 2074 in
819 2011 994 2097 praemissis
1016 2011 1211 2087 continetur,
1229 2019 1267 2087 [p.
1282 2020 1352 2087 rsa]

162 2138 232 2181 non
264 2122 397 2181 tantum
435 2113 491 2178 ille
529 2112 740 2199 privilegium
780 2118 926 2178 meretur
957 2113 1109 2179 amittere
1148 2114 1213 2199 qui,
1226 2126 1366 2191 Wmings

161 2218 292 2284 omissis
314 2218 349 2280 vi
379 2221 414 2281 et
439 2220 602 2302 potestate
633 2215 889 2301 privilegiorum,
913 2219 1010 2280 utens
1029 2215 1105 2300 jure
1127 2237 1212 2280 com·
1226 2193 1366 2325 {ffffling

162 2320 260 2386 muni
276 2340 427 2384 concessa
449 2317 512 2382 sibi
535 2339 602 2382 non
624 2317 733 2381 utitur
759 2322 931 2404 potestate,
955 2317 1013 2382 scd
1035 2317 1136 2382 ctiam
1158 2317 1214 2381 ille
1228 2327 1295 2377 their

162 2423 222 2508 qui
244 2443 313 2486 non
336 2443 487 2486 concessa
513 2419 577 2484 sibi
607 2419 716 2484 utitur
745 2425 908 2506 potestate
924 2418 947 2498 ;¹
985 2423 1097 2484 cavete
1121 2419 1214 2484 vobis
1228 2407 1317 2458 W·

162 2547 208 2589 ne
230 2544 378 2608 unquam
395 2522 464 2586 vim
488 2527 522 2587 et
545 2526 743 2608 potestatem
766 2521 1014 2608 privilegiorum
1029 2526 1215 2586 vestrorum

163 2625 340 2702 excedatis,
370 2624 552 2689 ordinando
586 2623 741 2688 videlicet
772 2623 894 2690 alienos
929 2623 1142 2710 parochianos
1172 2624 1216 2688 ad

163 2729 313 2796 ordinem
348 2728 611 2805 subdiaconatus
642 2727 836 2791 diaconatus
869 2727 922 2792 vel
960 2727 1215 2814 presbyteratus.

164 2831 324 2896 Alienum
348 2830 421 2895 dico
447 2851 577 2895 omnem
610 2829 667 2915 qui
701 2851 767 2893 non
798 2829 900 2894 habet
927 2830 1064 2895 titulum
1087 2830 1217 2895 ordina-

165 2934 268 3000 tionis
306 2955 375 2998 suae
412 2932 448 2996 in
480 2932 634 3018 parochia
677 2937 796 3008 vestra,
829 2933 893 2996 nisi
926 2933 967 2997 de
1000 2931 1134 2997 licentia
1165 2934 1216 2997 sui

165 3035 353 3101 diaecesani.
399 3035 469 3100 Ncc
492 3033 608 3099 alicnis
631 3035 923 3099 excommunicatis
947 3041 1021 3121 post
1044 3035 1218 3100 denuntia-

165 3138 292 3205 tionem
314 3137 408 3202 vobis
443 3136 564 3201 factam
595 3136 849 3201 communicetis.
911 3136 983 3201 Nec
1012 3137 1154 3200 chrisma
1182 3144 1217 3202 et

166 3243 285 3315 oleum,
312 3241 340 3304 si
367 3240 454 3325 apud
477 3261 536 3303 vos
563 3240 710 3303 confecta
736 3239 869 3318 suerint,
893 3238 967 3302 aliis
992 3261 1090 3323 quam
1122 3241 1216 3303 vobis

166 3343 339 3421 similibus,
363 3341 516 3406 videlicet
550 3339 774 3427 privilegiatis,
806 3341 988 3427 praebcatis
1011 3341 1074 3404 nisi
1098 3340 1138 3404 dc
1161 3363 1216 3403 vo-

166 3446 298 3509 luntate
313 3443 490 3508 dioeocsani
505 3444 650 3530 episcopi
666 3443 818 3530 petentis.
865 3443 935 3507 Nec
950 3443 986 3508 in
1002 3442 1075 3508 aliis
1089 3442 1216 3509 casibus

167 3549 226 3634 qui
249 3546 375 3612 infiniti
398 3552 484 3611 sunt.

167 3791 218 3858 Dc
237 3787 471 3877 prohibitione
494 3788 631 3854 domiai
651 3810 754 3875 papa
770 3811 813 3854 ae
828 3789 869 3856 ab
892 3791 973 3856 arba
995 3793 1218 3859 recederemus

259 3914 339 3958 cam
358 3890 566 3977 privilepiia
582 3898 612 3956 et
636 3891 676 3957 de
698 3913 826 3957 recessa
848 3893 1010 3977 arapistri
1026 3895 1115 3961 Adcc
1137 3918 1217 3961 caat

259 3994 449 4061 execratione
472 4001 502 4059 et
524 3993 623 4059 modo
647 3993 851 4060 executionis
867 3995 971 4080 factm
994 3995 1037 4061 ia
1052 3996 1193 4082 Aspida.

216 4123 396 4210 Completis
429 4123 541 4207 itaque
575 4126 614 4185 ut
652 4123 851 4208 putabamus
889 4122 1040 4188 omnibus
1078 4126 1218 4211 negotiis
1231 4121 1291 4173 Feb.
1307 4126 1378 4173 ¹2⁰⁶·

167 4227 302 4303 nostris,
318 4226 513 4290 mandatum
529 4224 655 4288 domini
679 4246 782 4311 papae,
798 4224 1009 4290 audientibus
1024 4226 1219 4293 adversariis
1231 4189 1368 4320 wind

169 4331 301 4407 nastris,
337 4328 516 4416 recepimus
540 4350 581 4392 ne
603 4328 645 4391 ab
668 4328 749 4392 urbe
780 4351 854 4392 cum
886 4327 1066 4415 privilegiis
1100 4333 1219 4396 nostris
1232 4323 1352 4400 hiseom-

170 4435 401 4498 recederemus
463 4431 573 4516 igitur
596 4430 745 4515 quamvis
778 4452 889 4496 omnes
920 4431 1041 4496 infirmi
1068 4455 1218 4511 essemus,
1231 4405 1361 4520 iiiigngr.

170 4538 275 4603 locuti
298 4542 410 4600 tamen
434 4555 547 4599 sumus
570 4534 754 4600 adinvicem
777 4540 817 4600 ut
839 4534 958 4622 aliquis
980 4542 1129 4602 nostrum
1152 4560 1219 4602 ma
1233 4525 1367 4642 mli&

207 4756 469 4819 'Therealmcaning
478 4756 508 4804 os
512 4755 562 4805 this
570 4771 673 4821 passage
722 4756 1066 4821 byaninvertcdrcndcring‚
1074 4759 1222 4828 completely

169 4838 244 4902 (quia
256 4853 330 4887 cero.
348 4871 356 4888 .
374 4872 380 4886 .
398 4873 405 4887 .
418 4836 494 4886 utitur
501 4837 633 4901 potestate)
645 4835 675 4897 is,
724 4836 773 4887 lost
784 4836 812 4885 in
824 4835 938 4889 Tindal’s
948 4837 1102 4889 translation.
