3264 5662
361 806 561 856 crmomeor
586 805 742 852 ABBATIAE
767 804 812 851 ns
837 803 1004 851 cursuum.
1143 790 1204 850 1⁶25

153 983 241 1046 duas
274 983 312 1046 in
346 980 499 1047 Nenham
538 979 661 1044 scilicet
694 977 840 1042 Johanni
875 983 910 1041 et
932 976 1077 1062 Hugoni,
1101 982 1135 1040 et
1165 981 1205 1040 ut
1218 988 1285 1040 Am.
1301 995 1370 1040 moa.

152 1086 253 1250 ‘quasi
290 1083 384 1161 tales,
418 1082 566 1169 deposita
602 1079 812 1160 villicatione,
847 1079 1025 1165 reciperent
1059 1099 1133 1143 eum
1167 1079 1202 1142 in
1216 1080 1338 1197 {igme

179 1208 271 1252 omos
294 1207 377 1251 suaa

170 1433 223 1500 De
248 1434 433 1521 ‹lilipeatia
458 1442 640 1504 conuentus
663 1443 694 1502 et
718 1434 936 1502 tribulatione
960 1456 1076 1500 coeam
1102 1433 1193 1500 circo

435 1539 674 1605 revocationem
691 1537 927 1604 alienatorum.

204 1688 272 1752 Sed
293 1709 441 1753 noanon
470 1688 610 1754 ferentes
643 1694 771 1753 tantam
801 1689 1010 1773 iniquitatem
1040 1689 1116 1752 licet
1149 1687 1372 1783 cir-rhemonks

155 1789 402 1856 cumdedisscnt
423 1812 483 1855 nos
506 1791 650 1876 undique
673 1790 842 1877 angustiae,
858 1790 1023 1875 quoddam
1045 1795 1206 1854 assartum
1218 1773 1343 1903 ἓξὲξ

156 1891 249 1977 quod
272 1893 407 1957 dederat
438 1893 613 1959 senescallo
645 1899 756 1959 nostro
778 1893 821 1957 ad
851 1893 1026 1957 tuitionem
1057 1893 1204 1967 aliorum,
1217 1905 1333 1971 theking

155 1994 250 2079 quod
273 1995 340 2080 ipse
373 1996 598 2071 seminaverat,
623 2018 690 2060 non
720 1994 818 2060 veriti
850 2017 962 2059 sumus
994 2001 1125 2071 metere,
1148 2015 1205 2080 pro
1218 1973 1353 2105 {ffiffiy

155 2118 225 2181 quo
248 2096 335 2160 facto
357 2103 392 2162 et
413 2097 502 2182 regis
533 2099 617 2162 iram
640 2102 755 2162 contra
778 2119 837 2161 nos
860 2097 1077 2161 excitavimus
1100 2102 1135 2161 et
1157 2096 1206 2159 in·
1219 2106 1331 2184 illegslly

155 2198 386 2283 dignationem
410 2200 640 2287 archiepiscopi
663 2199 865 2265 incmrimus.
927 2198 1096 2278 Quantum
1126 2187 1372 2289 tuncfflssffiich

155 2301 262 2364 abbas
299 2307 411 2366 noster
448 2302 639 2367 sublevatus
673 2308 707 2366 et
741 2302 847 2366 elatus
878 2301 978 2365 fuerit
1016 2301 1207 2386 supersedeo
1220 2305 1348 2355 theabbot

156 2404 268 2467 dicere
289 2404 367 2488 quia
400 2425 468 2469 non
501 2425 627 2490 possem
660 2404 791 2469 edicere.
855 2402 972 2488 Itaque
995 2404 1112 2466 missus
1135 2424 1204 2465 sum
1219 2371 1269 2487 ¹33}
1280 2371 1373 2422 sm

157 2527 222 2589 ego
237 2511 272 2568 et
287 2510 368 2569 tunc
391 2510 430 2569 ut
452 2507 578 2570 animos
602 2507 687 2591 regis
710 2513 744 2571 et
765 2505 997 2590 archiepiscopi
1016 2526 1208 2588 quocunque

157 2605 260 2670 modo
293 2607 478 2694 mitigarem
501 2614 535 2672 et
558 2630 617 2672 nos
639 2609 675 2671 in
697 2608 784 2672 facto
815 2608 878 2672 isto
907 2628 1101 2671 excusarem.
1164 2607 1208 2669 Et

158 2710 297 2774 veniens
319 2710 361 2773 ad
385 2712 508 2774 curiam
535 2711 620 2796 regis
643 2733 709 2774 non
731 2711 827 2796 potui
848 2710 940 2794 loqui
962 2709 1001 2785 ei,
1025 2709 1082 2774 scd
1105 2710 1209 2772 minas

156 2820 194 2875 et
210 2812 385 2897 opprobria
400 2812 447 2876 ibi
463 2814 575 2899 recepi.
611 2812 754 2876 Veniens
769 2812 812 2875 ad
827 2812 1103 2897 archiepiscopum
1119 2813 1209 2897 prius

157 2913 204 2975 ab
228 2934 267 2977 eo
289 2913 436 2978 convicia
458 2920 492 2978 et
514 2937 643 3000 asperas
665 2914 903 3000 increpationes
925 2914 1076 2978 sustinui.
1123 2914 1207 2978 Tau·

157 3016 238 3079 dem
268 3020 341 3100 post
371 3015 493 3078 multas
524 3015 751 3080 excusationes
789 3016 837 3079 ita
874 3016 1039 3080 conclusi:
1078 3016 1209 3081 “Pater

158 3128 176 3150 “
200 3123 323 3193 sancte,
352 3116 457 3180 nostis
481 3118 559 3201 quia
581 3117 761 3202 periculosa
783 3123 833 3181 est
856 3117 1045 3203 desperatio.
1093 3118 1208 3182 Obser-

157 3236 174 3252 ··
200 3220 294 3282 vatio
316 3217 440 3282 ordinis
464 3220 561 3304 periit
583 3220 671 3304 apud
687 3241 754 3295 nos,
770 3220 848 3303 quia
862 3241 921 3281 nos
937 3219 1020 3282 same
1044 3224 1078 3282 et
1101 3220 1209 3283 inedia

156 3332 175 3355 ··'
202 3321 355 3407 perimus.
402 3319 624 3385 Possessiones
659 3319 800 3384 ecclesiae
831 3326 951 3384 nostrae
976 3319 1207 3405 dilapidantur,

157 3434 176 3458 ·'‘
202 3422 345 3487 aedificia
367 3427 480 3486 nostra
510 3422 694 3486 diruuntur.
746 3421 840 3484 Nihil
863 3443 939 3505 ergo
962 3433 1116 3505 superest,
1146 3423 1208 3484 nisi

157 3541 173 3558 ··
201 3533 244 3588 111
266 3546 325 3587 nos
347 3547 368 3586 a
390 3523 460 3588 loco
492 3523 701 3587 discedamus
764 3522 829 3586 Sed
852 3524 930 3606 quia
952 3527 1047 3608 turpe
1070 3530 1121 3587 est
1143 3546 1210 3587 mo-

199 3626 308 3690 nacho
330 3627 444 3690 furtim
459 3626 614 3701 recedere,
630 3632 664 3690 et
686 3625 896 3689 inhonestum
919 3626 988 3690 sine
1011 3647 1115 3690 musac
1139 3648 1210 3712 cog-

156 3746 174 3761 ··
200 3728 330 3792 uitione
346 3727 499 3792 habitum
514 3727 706 3811 relinquere,
722 3749 764 3790 ex
779 3732 868 3791 certa
883 3727 1021 3790 scientia
1043 3727 1112 3792 haec
1136 3729 1211 3792 seci-

158 3851 176 3863 ··
204 3852 281 3893 mus
302 3830 440 3894 scientes
456 3829 534 3915 quia
548 3838 662 3893 contra
679 3828 757 3912 jura
779 3829 871 3913 regni
894 3829 1037 3905 fecimus,
1062 3832 1212 3913 quamvis

157 3952 173 3965 ··
201 3931 245 3995 de
263 3930 338 4015 jure
362 3931 451 3995 civili
474 3936 560 3994 recte
576 3930 753 4006 fecerimus
770 3931 848 4015 quia
863 3930 1018 4015 quicquid
1033 3931 1211 4017 plantatur,

158 4045 177 4067 ‘²
205 4033 327 4096 seritur
359 4032 412 4097 val
444 4032 661 4096 inaedificatur
684 4054 779 4096 omne
813 4031 880 4095 solo
910 4031 1006 4105 cedit,
1030 4031 1154 4096 radices
1184 4036 1211 4096 si

158 4155 173 4169 ··
202 4143 316 4197 tamen
338 4136 427 4220 egit;
452 4143 486 4198 et
516 4134 622 4197 solum
645 4139 793 4197 nostrum
817 4155 885 4197 esse
907 4140 1045 4209 constat,
1061 4155 1120 4198 nec
1142 4136 1211 4198 sine

160 4249 178 4272 ‘⁴
205 4258 363 4300 consensu
404 4240 515 4300 nostro
547 4241 653 4321 potest
687 4236 840 4314 alienari3
879 4257 955 4321 ergo
992 4242 1077 4299 recte
1116 4237 1211 4299 messi

119 4358 122 4364 ’
159 4359 175 4372 ··
202 4359 317 4401 sumus
340 4337 427 4422 quod
462 4337 516 4400 ille
548 4338 766 4401 seminaverat
788 4339 823 4399 in
846 4337 913 4401 solo
936 4345 1053 4401 nostro.
1101 4336 1211 4415 Quum

160 4462 175 4473 ··
203 4438 308 4523 igitur
323 4439 455 4503 domino
473 4440 539 4525 regi
556 4439 725 4524 conquesti
750 4440 907 4503 fuerimus
931 4446 964 4502 et
987 4439 1034 4502 ibi
1049 4440 1209 4503 auxilium

160 4559 175 4575 ¹·
201 4562 271 4604 non
304 4541 533 4616 invenerimus,
558 4546 591 4604 et
615 4563 715 4625 quum
750 4541 872 4626 pluries
905 4540 1129 4605 vocaverimus
1152 4565 1209 4606 vos

160 4660 175 4677 ··
202 4643 382 4708 literatorie
406 4650 439 4708 et
462 4643 540 4706 viva
562 4665 639 4707 voce
662 4650 701 4708 ut
724 4649 917 4730 perpetuum
948 4642 1092 4727 legatum
1116 4644 1211 4707 nobis

161 4766 176 4781 ··
204 4770 225 4809 a
248 4745 381 4810 domino
416 4768 500 4832 papa
522 4747 645 4817 datum,
672 4754 706 4809 et
738 4746 866 4809 nolletis
889 4745 1009 4817 venire,
1033 4748 1210 4810 communi-
