3264 5662
396 782 597 834 cnnonlcon
622 782 780 832 annuns
803 785 850 832 nn
873 783 1043 833 nvmssu.
1183 773 1241 831 151

193 970 457 1036 adversariorum
487 975 674 1036 nostrorum
701 970 790 1056 quod
817 975 887 1035 tam
918 971 1084 1035 instanter
1113 973 1244 1034 senten·
1256 981 1324 1034 Μ).
1341 987 1412 1033 1205.

193 1074 277 1138 tiam
307 1073 344 1138 in
373 1095 471 1140 causa
500 1073 711 1159 proprietatis
734 1094 833 1159 snper
858 1073 1089 1157 jurisdictione
1113 1095 1241 1138 monas-

193 1176 271 1241 terii
301 1181 492 1261 quaererent,
520 1175 557 1239 in
576 1174 670 1259 eujus
699 1175 901 1260 possessione
931 1180 1027 1240 erant
1057 1176 1242 1256 constituti,

193 1278 259 1343 cito
281 1277 424 1364 comperi
448 1277 536 1362 quod
560 1277 725 1342 timebant
751 1299 792 1342 ne
819 1284 1025 1342 morerentur
1048 1278 1076 1341 si
1101 1279 1136 1341 in
1163 1278 1409 1347 civi-Unhealthi-

194 1385 263 1445 tete
308 1387 524 1459 morarentur,
566 1380 672 1466 magis
710 1385 896 1465 quaerentes
934 1381 1040 1444 vitam
1078 1380 1242 1464 propriam
1254 1376 1319 1478 ffi
1320 1365 1353 1479 {f

194 1483 320 1548 salvem
349 1482 454 1548 facere
485 1504 584 1568 qnam
622 1504 753 1547 causam
792 1482 918 1547 domini
956 1483 1008 1546 sui
1046 1482 1242 1547 lucrifacere.

195 1585 260 1649 Sed
283 1606 344 1672 ego
369 1585 493 1650 hebens
520 1585 745 1671 preciosiorem
769 1607 899 1650 camum
923 1607 1027 1649 meam
1052 1607 1150 1669 (lnam
1173 1586 1243 1650 ani-

195 1710 281 1752 mam
303 1710 417 1764 meam,
442 1689 529 1772 quia,
553 1692 592 1752 ut
615 1710 700 1774 saepe
724 1689 795 1752 dixi
818 1688 921 1768 vobis,
945 1710 1004 1773 pro
1026 1688 1138 1751 anima
1160 1687 1243 1751 mihi

195 1813 246 1855 res
267 1797 345 1869 erat,
369 1811 438 1854 non
461 1811 535 1874 quae
558 1811 632 1855 mea
657 1797 752 1855 erant
775 1791 961 1875 quaerebam
985 1790 1042 1853 sed
1065 1813 1138 1875 qun
1161 1791 1244 1854 Jesu

195 1892 319 1958 Christi
341 1898 376 1957 et
400 1892 541 1957 ecclesiae
565 1914 654 1969 mere,
679 1915 739 1958 nec
761 1915 884 1957 moram
901 1914 961 1956 nec
976 1898 1115 1956 mortem
1131 1893 1240 1972 timui,

194 1997 327 2081 cupiens
350 1995 379 2059 si
404 2016 486 2080 opus
512 2000 597 2059 esset
623 1995 767 2059 animam
794 2017 901 2059 meam
932 2016 992 2080 pro
1022 2017 1118 2059 causa
1144 1994 1242 2058 liber-

194 2098 273 2162 tatis
295 2096 438 2162 eeclesiae
462 2118 543 2162 mear
569 2118 697 2182 ponere.
744 2098 818 2162 Hoc
843 2097 917 2161 ideo
941 2097 1036 2161 vobis
1061 2096 1175 2182 scripsi
1203 2102 1242 2161 nt

192 2201 303 2265 sciatis
326 2221 439 2265 omnes
463 2198 612 2264 homines
634 2221 702 2264 esse
726 2200 820 2285 qnasi
844 2199 1059 2263 mercenarios
1082 2200 1118 2262 in
1144 2220 1242 2284 nego-

193 2303 250 2367 tiis
272 2302 415 2368 ecclesiae
437 2308 559 2367 nostrae
582 2307 704 2388 praeter
725 2302 810 2367 solos
832 2301 1016 2377 monachos,
1039 2305 1074 2366 et
1096 2305 1136 2364 ut
1158 2322 1243 2363 nun-

193 2428 291 2491 quam
330 2405 464 2491 negotia
501 2405 642 2470 ecclesiae
680 2411 802 2471 nostrae
839 2403 938 2468 alicui
975 2403 1046 2467 sine
1083 2402 1243 2467 monacho

192 2507 415 2574 committatis.

192 2807 244 2874 De
266 2806 415 2875 accrate
436 2803 658 2893 apparitione
675 2825 790 2869 corceat
805 2801 948 2868 domino
959 2824 1057 2889 popo
1073 2810 1102 2869 ct
1118 2803 1241 2890 altopu-

468 2907 621 2977 tionibue
644 2905 807 2992 rrrupietri
829 2905 976 2972 Robore.

240 3062 349 3148 Igitur
367 3059 419 3125 die
442 3082 462 3124 a
485 3057 616 3124 domino
639 3079 723 3143 papa
746 3056 841 3120 nobis
865 3057 1048 3120 constituta
1070 3077 1177 3119 coram
1203 3077 1240 3119 eo
1254 3069 1404 3147 {streplead-

192 3165 441 3252 comperuimus,
458 3168 492 3227 et
507 3161 595 3225 dixit
611 3160 763 3223 dominus
779 3181 871 3244 papa,
897 3165 915 3192 “
927 3158 1070 3223 Tantum
1088 3158 1128 3222 de
1144 3139 1412 3253 causa{)¹¹el}({r‘'01’‡l¹1¹g‘l

193 3281 208 3304 ·‘
233 3266 403 3354 principali
419 3266 508 3330 etde
525 3264 629 3350 cupite
653 3262 776 3337 dicatis,
791 3283 858 3326 non
882 3261 922 3326 de
945 3258 1118 3324 membris¹
1133 3259 1150 3281 ”
1198 3261 1242 3323 Et
1255 3272 1411 3347 popenreut

192 3371 351 3456 magister
362 3368 525 3433 Robcrtus
537 3367 577 3430 de
588 3365 757 3451 Olipstone
773 3370 965 3450 procurator
976 3362 1126 3449 episcopi,
1140 3385 1242 3446 quum
1255 3336 1399 3466 ffiffln'

193 3479 277 3538 esset
292 3494 366 3536 reus
382 3494 401 3535 a
416 3492 458 3547 re,
476 3469 554 3554 quia
577 3469 612 3532 in
635 3467 834 3554 possessione
852 3466 1093 3551 jurisdictionis
1115 3487 1243 3529 numas-
1255 3470 1317 3518 nec.

193 3576 268 3641 terii
307 3578 379 3639 erat
415 3573 623 3647 constituturi,
660 3570 761 3634 immo
799 3576 833 3633 et
867 3592 887 3632 a
921 3575 1022 3646 reatu,
1062 3568 1148 3633 sicut
1186 3590 1244 3654 per

192 3678 392 3744 sententiam
422 3681 536 3740 contra
567 3696 642 3738 cum
672 3677 786 3759 postea
815 3671 919 3735 latam
950 3678 1000 3737 est
1032 3671 1242 3752 declaratum,

191 3789 283 3845 actor
296 3780 432 3844 effectus
447 3782 503 3842 est.
543 3775 612 3862 Ego
629 3797 705 3839 vero
720 3773 844 3859 gratias
859 3797 958 3860 agens
974 3773 1043 3838 Deo
1060 3773 1243 3860 cogitabam

192 3883 270 3969 qnia
292 3882 417 3967 digitus
438 3878 573 3944 Domini
596 3881 680 3942 esset
703 3876 761 3960 qui
791 3897 918 3939 urceum
949 3876 1151 3961 operabatur.
1199 3875 1244 3939 Et

194 3995 231 4050 ut
247 3986 298 4049 vir
321 3981 573 4046 facundissimus
596 3984 631 4043 et
653 3980 688 4042 in
711 3984 851 4063 utroque
869 3977 953 4061 jure,
977 3978 1067 4042 civili
1091 3977 1245 4042 videlicet

191 4096 225 4152 et
263 4085 427 4161 canonico,
464 4083 609 4170 apprime
647 4080 805 4157 eruditus,
846 4079 1010 4164 quoddam
1049 4080 1244 4166 prooemiunr

191 4190 305 4254 multis
336 4195 371 4253 et
401 4187 528 4273 magnis
566 4184 741 4250 sententiis
776 4183 964 4246 involutum
1002 4187 1036 4247 ct
1073 4182 1245 4268 profundis

190 4291 359 4379 mysteriis
386 4288 589 4375 implicatum
618 4285 783 4373 praemisit,
808 4285 955 4348 nesciens
980 4284 1244 4360 ruodmannum,

189 4395 268 4482 quia
298 4390 451 4459 dominus
478 4414 563 4478 papa
592 4388 696 4455 veluti
727 4388 819 4452 seriis
850 4393 1027 4473 occupatus
1051 4387 1132 4450 talia
1153 4387 1245 4450 sasti-

679 4582 687 4588 -
700 4582 731 4587 —-
758 4580 964 4588 --—-—------
1013 4580 1235 4588 ..--..-—---——-

543 4694 550 4725 ¹
568 4691 689 4758 membris]
704 4689 821 4753 menbris,
834 4690 890 4742 MS.-
