3264 5662
239 789 441 841 annosreor
463 791 621 843 snmrrn
642 792 689 842 nn
710 792 882 845 avesniis
1028 777 1094 849 307

109 974 142 1051 ii,
171 976 323 1061 quaedam
350 982 542 1042 tenemento
566 978 600 1041 in
624 976 656 1040 le
686 976 920 1062 Bruggestrete
951 981 986 1042 et
1008 975 1084 1043 001-
1153 993 1222 1046 Aa).

110 1084 124 1142 t
173 1078 382 1145 Eveshamiae
431 1102 506 1164 quae
555 1079 722 1165 quondam
768 1079 905 1145 fuerunt
948 1079 1093 1166 Agnetis
1106 1070 1256 1117 ¹³⁸⁰'¹⁴¹⁸·

110 1184 210 1266 'tyng.
256 1180 375 1246 Postea
392 1181 497 1245 officio
513 1180 707 1246 sacristariae
730 1181 883 1265 quaedam
898 1185 1091 1247 tenemento

117 1283 233 1347 eadem
265 1283 348 1348 villa
377 1283 456 1347 olim
495 1288 613 1347 vocata
643 1282 838 1370 Tettebury,
876 1306 936 1370 pro
970 1283 1091 1370 quibus

136 1386 277 1450 sacrista
299 1387 356 1471 qui
391 1409 449 1471 pro
481 1391 629 1471 tempore
660 1385 762 1451 fuerit
794 1385 903 1450 solvet
938 1385 1089 1470 quolibet

110 1512 123 1552 a
145 1489 315 1575 capellano
331 1489 434 1554 crucis
457 1488 567 1552 decem
590 1487 719 1552 solidos
766 1486 854 1552 Item
869 1486 964 1553 dedit
983 1488 1091 1553 eidem

110 1591 237 1658 istrniae
276 1591 312 1654 in
348 1591 546 1656 escambium
587 1595 729 1675 quatuor
766 1612 857 1655 aeras
891 1590 979 1677 prati
1017 1612 1092 1676 quae

110 1699 172 1758 unt
187 1694 353 1780 quondam
366 1693 501 1758 Thamar
514 1691 664 1778 Ywayns
678 1693 712 1755 in
722 1692 914 1759 Bretfarton
924 1714 984 1779 pro
995 1693 1092 1759 oertis

110 1796 221 1860 litibus
248 1818 329 1881 quos
351 1795 476 1859 solelat
498 1795 641 1880 recipere
668 1795 703 1858 in
730 1795 866 1861 civitate
888 1794 1090 1883 Wygorniae.

110 1899 200 1964 iliter
222 1899 318 1963 dedit
344 1897 449 1962 officio
477 1898 628 1984 magistri
654 1898 787 1983 depellas
818 1897 969 1983 quaedam
1000 1903 1091 1963 tene-

111 2008 148 2066 ta
179 2002 214 2065 in
245 2001 326 2065 villa
365 2001 406 2065 de
438 2000 614 2078 Evesham‚
655 1999 811 2064 videlieet
840 2000 876 2064 in
906 2000 989 2065 Alto
1018 2001 1092 2065 vieo

110 2127 148 2169 us
174 2103 365 2190 Ruynhulle
389 2104 424 2167 in
448 2124 513 2186 quo
537 2103 615 2167 olim
639 2101 837 2167 willielmus
861 2101 1017 2169 Carnifex
1041 2102 1091 2166 in-

113 2206 210 2284 tavit,
227 2213 261 2271 et
276 2206 366 2269 aliud
382 2205 471 2290 quod
487 2205 629 2269 Thomas
644 2205 772 2268 Astone
785 2210 879 2269 tenet
893 2205 930 2269 in
947 2205 1092 2291 Brugge·

110 2332 145 2375 ;e.
224 2307 313 2374 Item
343 2308 436 2372 dedit
476 2306 581 2371 officio
611 2305 775 2371 hostilarii
810 2306 853 2370 ad
881 2306 1090 2371 relevandam

110 2417 219 2477 ¹tatem
251 2411 332 2475 dieti
365 2409 462 2474 officii
494 2410 645 2496 quaedam
680 2414 871 2475 tenemento
901 2409 938 2474 in
975 2408 1090 2474 eadem

110 2519 173 2579 ,et
202 2513 391 2600 Lyttult0n‚
427 2519 465 2577 ut
497 2516 592 2597 patet
622 2512 752 2598 plenius
784 2512 820 2575 in
854 2511 1090 2598 compositione

127 2615 221 2681 faeta.
267 2615 445 2700 Postquam
460 2615 554 2679 dedit
568 2613 674 2678 officio
694 2613 944 2700 eleemosynarii
963 2613 1006 2679 ad
1021 2634 1090 2679 sus-

110 2718 233 2783 andum
264 2717 494 2803 presbyterum
522 2716 741 2781 celebrantem
769 2716 804 2780 in
831 2717 911 2781 navi
937 2715 1088 2795 eoalesiae,

111 2820 189 2886 lieet
211 2821 254 2885 ad
275 2820 378 2884 altone
401 2820 505 2883 sancti
528 2819 663 2884 Thomas
685 2820 852 2905 martyris,
885 2841 944 2905 pro
977 2818 1089 2884 anima

111 2924 160 2988 ini
192 2922 362 2987 Willielmi
391 2922 566 3007 Ohyryton
597 2921 729 2986 abbatis
756 2927 790 2987 et
816 2921 965 3002 aliorum,
989 2927 1089 3008 prout

110 3025 320 3113 impositione
338 3024 486 3099 habetur,
511 3024 677 3109 quoddam
700 3029 926 3089 tenementum
949 3025 985 3088 in
1008 3024 1089 3089 villa

110 3128 240 3193 shamiae
270 3128 347 3191 olim
378 3126 495 3191 Alioirn
526 3126 752 3210 Smethewyk,
782 3127 818 3190 in
844 3148 910 3212 quo
937 3125 1088 3190 Matildis

110 3231 255 3316 rkyslow
280 3230 377 3293 ruodo
408 3228 583 3304 inhabitat,
609 3229 648 3292 de
672 3250 737 3314 quo
766 3228 883 3314 recipit
913 3228 1087 3293 annuatim

111 3386 116 3396 .
141 3332 271 3409 solidos
296 3337 427 3418 etpost
450 3332 520 3417 ejus
551 3331 719 3395 decessum
747 3338 890 3416 ponetur
913 3331 955 3395 ad
971 3329 1086 3394 volun·

110 3459 139 3500 m
177 3435 258 3500 dieti
296 3434 542 3519 eleemosynarii
580 3433 637 3519 qui
676 3453 736 3518 pro
788 3437 937 3519 tempore
977 3431 1085 3497 fuerit.

110 3562 124 3603 1
162 3537 330 3602 ordinavit
368 3542 402 3600 et
440 3536 534 3600 dedit
572 3534 677 3598 officio
719 3534 861 3599 bursarii
905 3540 1087 3600 conventus

116 3640 261 3727 pitantia
282 3639 318 3701 in
342 3639 394 3702 die
417 3636 635 3701 anniversarii
660 3636 785 3701 domini
817 3636 971 3702 Nieholai
999 3638 1084 3702 Her-

152 3743 277 3807 dudum
323 3742 440 3827 prioris
485 3741 581 3805 istius
626 3739 689 3805 loci
730 3741 950 3806 reversionem
995 3745 1086 3807 tene-

111 3847 139 3910 ti
163 3843 335 3908 Willielnri
369 3843 483 3928 Ryehe
513 3848 548 3909 et
581 3842 696 3907 uxoris
730 3864 800 3909 suae
830 3843 866 3907 in
898 3844 978 3909 Alto
1013 3843 1086 3908 vieo

110 3947 249 4024 shamiae,
285 3953 324 4011 ut
358 3952 431 4032 post
461 3946 591 4011 obitum
621 3968 734 4010 eorum
764 3946 808 4011 ad
837 3946 972 4011 libitum
1004 3946 1085 4012 dieti

110 4051 174 4115 arii
206 4055 354 4136 ponetur.
402 4049 563 4113 Similiter
585 4047 759 4113 constituit
790 4053 825 4113 et
848 4048 933 4125 feeit,
957 4070 1016 4135 per
1037 4072 1087 4113 as-

110 4177 165 4219 um
203 4153 308 4218 totius
346 4156 529 4217 conventus
569 4157 604 4216 et
633 4150 776 4215 maxime
810 4151 854 4215 ad
891 4151 1085 4217 instantiam

110 4280 169 4322 mre
192 4255 356 4320 Newbold
383 4261 464 4318 tune
486 4251 665 4329 oesserarii,¹
693 4252 780 4336 quod
803 4251 924 4318 festum
951 4253 1084 4319 Sanctae

110 4359 210 4424 litatis
226 4358 266 4423 de
282 4364 399 4423 caetero
423 4358 515 4441 quasi
537 4378 642 4419 unum
665 4357 704 4420 de
727 4354 968 4441 principalibus
992 4356 1086 4421 festis

110 4471 222 4529 aretur.
271 4462 312 4525 In
336 4463 470 4547 quodie
494 4461 660 4525 ordinavit
683 4479 783 4523 unam
806 4460 984 4545 pitantiam
1010 4481 1086 4524 eon-

363 4626 1079 4637 ..-—.-—-—--..-..-.---—-———

232 4717 237 4744 ¹
260 4711 652 4773 stourasIt⁷oao0111ce11erarire‚
670 4712 753 4762 rubrio
765 4712 792 4761 in
803 4725 883 4776 marg.

883 4806 909 4854 u
933 4793 953 4854 2
