3270 5656
483 803 686 857 eaaomeou
709 802 868 853 usuaria
892 803 939 852 na
962 804 1133 855 avusnau.
1269 793 1332 856 221

290 993 403 1058 abbate,
429 998 460 1048 et
482 993 636 1049 tritennale
659 1009 713 1063 pro
735 992 876 1046 monacho
898 991 935 1046 dc
959 992 1078 1047 cellario
1101 993 1184 1064 panis
1208 999 1239 1048 et
1259 998 1503 1051 cere-Amant.

288 1077 366 1134 'visia
400 1077 477 1132 sieut
505 1084 536 1132 et
564 1074 721 1131 monaeho¹
748 1075 837 1130 alicui
869 1076 990 1147 pauperi
1022 1083 1189 1147 erogentur.
1243 1076 1339 1132 Debet

288 1162 377 1217 etiam
402 1161 571 1216 cellerarius
595 1160 665 1214 dare
695 1160 820 1230 siugulis
848 1160 1025 1231 pauperibus
1050 1161 1081 1214 in
1105 1160 1196 1216 Goena
1218 1161 1337 1216 Domini

289 1246 342 1316 qni
373 1245 482 1300 suerint
513 1245 542 1299 in
560 1245 700 1317 ‚capitulo
731 1244 863 1315 singulos
893 1262 982 1315 panes
1014 1250 1044 1299 et
1080 1245 1138 1299 tria
1169 1245 1282 1311 allecia,
1307 1252 1338 1301 et

289 1330 327 1384 de
348 1330 491 1385 cerevisia
511 1336 651 1400 quantum
671 1347 743 1400 opus
764 1328 862 1383 fuerit.

327 1414 359 1468 Si
393 1414 458 1484 quis
488 1431 559 1469 vero
586 1414 649 1469 hmo
680 1413 897 1468 conservaverit
923 1412 971 1467 vel
1004 1413 1163 1478 adauxerit,
1195 1413 1339 1485 adaugeat

290 1497 434 1553 Dominus
458 1497 521 1553 dies
545 1497 610 1569 ejus
634 1504 664 1553 et
687 1503 840 1553 conservet
858 1514 925 1551 eum
949 1497 980 1551 in
1003 1498 1095 1552 vitam
1119 1504 1266 1552 internam.
1306 1498 1338 1553 Si

291 1583 358 1652 qnia
381 1600 452 1638 vero
475 1582 653 1638 destmxerit
671 1583 719 1637 rel
739 1581 919 1645 diminuerit,
945 1581 1090 1636 diminuat
1114 1581 1256 1638 Dominus
1276 1581 1338 1637 dies

290 1666 356 1737 ejus
374 1673 404 1723 et
421 1666 553 1722 destruat
569 1667 661 1722 vitam
679 1666 743 1735 ejus
761 1664 887 1735 desuper
904 1670 1023 1720 terrum.
1061 1663 1180 1721 Amen.2

643 1933 867 2020 Confirmatio
890 1933 990 2020 legati

338 2065 552 2134 Confirmatio
574 2088 652 2132 vere
676 2067 802 2132 demini
824 2066 924 2153 legati
948 2067 1025 2133 talis
1039 2092 1093 2132 1-

328 2204 347 2226 “
362 2201 508 2256 .lohannes
529 2201 585 2255 Dei
606 2201 703 2271 gratia
717 2200 830 2256 Sanetae
849 2200 952 2255 Mariae
979 2201 1009 2255 in
1029 2201 1088 2255 Via
1107 2201 1180 2256 Lata
1198 2200 1337 2256 diaeonus
1350 2212 1488 2267 conam.

291 2287 312 2311 “
333 2285 497 2348 cardinalis
518 2285 683 2356 apostolieae
702 2284 780 2340 sedis
801 2285 927 2354 legatus,
947 2284 1062 2338 dilectis
1081 2285 1221 2339 fratribus
1240 2284 1337 2339 abbati
1350 2281 1404 2359 1501}
1415 2283 1445 2332 οἰ
1452 2284 1494 2332 the

291 2371 311 2394 “
332 2375 363 2423 et
385 2369 537 2424 conventui
562 2368 598 2423 de
616 2368 791 2424 Eveshamia
820 2369 850 2422 iu
880 2386 950 2423 vero
976 2368 1095 2422 salutari
1123 2368 1256 2423 salutern.
1295 2349 1499 2422 Ea⁰¹d¹¹¹¹²¹¹⁰ll

291 2455 312 2479 “
332 2471 397 2523 quie
415 2471 467 2524 pro
484 2458 562 2508 statu
583 2452 788 2524 religiosorum
808 2453 939 2507 locorum
959 2458 989 2506 et
1007 2452 1190 2506 observantia
1206 2452 1337 2522 regulari
1349 2415 1440 2545 mg

290 2539 311 2562 ‘⁶
330 2535 450 2607 previde
470 2541 645 2601 statuuntur,
666 2537 789 2590 firmiter
807 2542 837 2592 et
854 2535 1062 2590 inviolabiliter
1086 2535 1221 2590 volumus
1241 2535 1424 2598 obser-1205,

289 2624 311 2647 ‘⁴
331 2620 403 2674 vari.
442 2620 485 2674 Ea
496 2626 615 2691 propter
626 2622 733 2675 vestris
753 2620 996 2691 postulationibus
1015 2626 1183 2684 annuentes,
1199 2619 1338 2674 constitu·

289 2709 311 2732 ‘⁴
330 2706 424 2760 dones
437 2704 577 2774 quasdam
594 2723 647 2776 pro
661 2710 739 2759 statu
756 2704 924 2759 monasterii
944 2715 974 2759 et
991 2704 1142 2775 religionis
1156 2703 1340 2759 observantia

289 2793 310 2816 ‘⁴
330 2790 471 2844 intervos
488 2789 634 2843 communi
653 2790 743 2843 sectas
757 2806 879 2843 assensu
892 2795 920 2843 ct
932 2788 1064 2843 redactas
1077 2789 1108 2843 in
1121 2790 1238 2860 scripto,
1253 2795 1341 2860 prout

289 2876 310 2901 ‘⁴
331 2872 541 2927 rationabiliter
560 2878 589 2928 et
606 2873 783 2942 regulariter
798 2873 888 2927 ¹faetta
907 2878 984 2937 sunt,
1008 2878 1038 2928 et
1056 2872 1092 2927 ab
1111 2880 1235 2943 utreque
1256 2878 1339 2945 parte

289 2959 312 2984 “
332 2963 433 3028 sponte
452 2964 585 3027 receptae,
605 2956 759 3027 legationis
778 2956 951 3011 auctoritato
980 2974 1038 3026 qua
1056 2958 1209 3027 fungimur
1236 2957 1340 3012 confir-

290 3044 310 3069 “
331 3059 454 3104 mamus,
479 3046 509 3097 et
526 3040 679 3111 praesentis
698 3041 800 3112 scripti
818 3040 972 3110 patricinio
991 3041 1232 3096 communimus.’'

564 3309 789 3396 Confirmatio
812 3308 951 3375 clentini
969 3331 1078 3395 popae

335 3447 470 3515 Domini
493 3455 604 3517 autem
627 3473 720 3538 papae
744 3450 950 3516 confirmatio
973 3449 1161 3535 hujusmodi
1174 3474 1227 3513 :-

325 3595 346 3617 “
367 3592 553 3647 Innocentius
577 3592 730 3664 episcopus
755 3609 856 3646 servus
882 3608 1033 3646 servorum
1057 3591 1112 3646 Dei
1134 3591 1249 3647 dilectis
1271 3590 1338 3645 filiis
1351 3596 1490 3650 Confirma-

287 3675 426 3730 “abbati
451 3682 481 3729 et
510 3676 664 3731 conventui
697 3675 865 3730 monasterii
903 3675 938 3729 de
970 3675 1116 3730 Evesbam
1154 3676 1277 3730 salutem
1309 3665 1501 3729 ettl⁰¹1bl¹the

287 3764 308 3786 “
330 3760 518 3830 apostolicam
548 3759 787 3814 benedictionem.
841 3758 937 3827 Quum
967 3777 985 3814 a
1014 3760 1097 3814 nobis
1124 3760 1235 3830 petitur
1260 3759 1338 3830 quod
1350 3747 1449 3848 meh

288 3848 308 3870 “
327 3845 443 3913 justum
468 3851 513 3899 est
538 3851 568 3899 et
590 3844 753 3908 honestum,
779 3851 839 3898 tam
872 3843 957 3914 vigor
988 3844 1134 3914 {seruitutis
1154 3862 1240 3914 quarn
1268 3843 1339 3897 ordo
1354 3870 1425 3916 1216.
1450 3834 1457 3846 ⁶

289 3933 309 3954 “
331 3928 425 3996 exigit
453 3929 581 3983 rationis·
607 3933 640 3982 nt
670 3928 700 3981 id
732 3946 784 3999 per
817 3926 1043 3981 sollicitudinem
1074 3927 1158 3981 officii
1186 3927 1279 3981 nostri
1303 3926 1340 3980 ad

290 4016 309 4038 “
331 4011 462 4066 debitum
480 4012 657 4082 perducatur
675 4012 818 4065 effectum.
851 4011 895 4064 Ea
912 4016 1040 4081 propter,
1055 4009 1154 4065 dilecti
1174 4010 1203 4063 in
1216 4010 1341 4064 Domino

290 4098 310 4121 ‘⁶
332 4094 396 4157 filii,
411 4096 516 4150 vestris
530 4095 619 4165 justis
632 4095 875 4165 postulationibus
889 4101 973 4165 grato
989 4099 1194 4148 concurrentes
1209 4111 1340 4159 assensn,

290 4182 311 4206 ‘⁶
333 4179 484 4249 regulares
501 4179 705 4250 dispositiones
722 4177 890 4232 reddituum
903 4184 1069 4232 vestrorum
1083 4177 1133 4246 qui
1146 4177 1181 4231 de
1194 4177 1341 4231 communi

291 4266 311 4289 “
334 4280 475 4317 censensu
507 4263 626 4333 capituli
646 4269 713 4317 sunt
731 4261 768 4316 ad
786 4262 879 4316 officio
901 4260 992 4315 vestri
1011 4261 1180 4314 monasterii
1199 4260 1339 4331 deputati,

292 4350 312 4372 “
335 4347 412 4401 sieut
428 4346 548 4417 provide
572 4348 655 4401 factoe
675 4352 751 4409 sunt,
771 4345 942 4400 anctoritate
963 4345 1119 4415 apostoliea
1136 4344 1340 4399 confirmamus

292 4435 312 4457 “
335 4437 365 4485 et
384 4431 535 4500 praesentis
554 4431 656 4500 scripti
676 4430 836 4501 patrocinio
861 4428 1091 4492 communimus;
1123 4427 1286 4484 inhibentes
1305 4448 1341 4482 no

294 4519 313 4541 ‘¹
337 4513 467 4568 redditus
480 4515 535 4585 ipsi
548 4520 649 4569 eontra
659 4513 826 4584 regularem
845 4511 1064 4582 dispositionem
1076 4518 1204 4565 vestram
1224 4512 1253 4565 in
1273 4532 1343 4567 usus

332 4741 337 4769 ¹
353 4738 479 4805 ramaclo]
490 4739 533 4789 uni
546 4755 611 4791 mou.
622 4739 691 4803 Aug.
701 4740 750 4788 aad
758 4737 828 4788 Harl.
844 4735 849 4804 Ι
884 4738 895 4770 ³
906 4739 999 4798 Amen,
1011 4737 1103 4795 Amen,
1115 4736 1208 4787 Amen.
1242 4738 1311 4806 Aug.
