<?xml version="1.0" encoding="UTF-8"?>
<!DOCTYPE html PUBLIC "-//W3C//DTD XHTML 1.0 Transitional//EN"
    "http://www.w3.org/TR/xhtml1/DTD/xhtml1-transitional.dtd">
<html xmlns="http://www.w3.org/1999/xhtml" xml:lang="en" lang="en">
 <head>
  <title>
</title>
<meta http-equiv="Content-Type" content="text/html;charset=utf-8" />
  <meta name='ocr-system' content='tesseract 3.04.00' />
  <meta name='ocr-capabilities' content='ocr_page ocr_carea ocr_par ocr_line ocrx_word'/>
</head>
<body>
  <div class='ocr_page' id='page_1' title='image "./chroniconabbati00marlgoog_0170.png"; bbox 0 0 3270 5656; ppageno 0'>
   <div class='ocr_carea' id='block_1_1' title="bbox 431 813 1275 878">
    <p class='ocr_par' dir='ltr' id='par_1_1' title="bbox 431 813 1275 878">
     <span class='ocr_line' id='line_1_1' title="bbox 431 813 1275 878; baseline -0.005 0"><span class='ocrx_word' id='word_1_1' title='bbox 431 828 632 878; x_wconf 82' lang='lat' dir='ltr'>csaomcou</span> <span class='ocrx_word' id='word_1_2' title='bbox 655 827 813 877; x_wconf 71' lang='lat' dir='ltr'>ausina</span> <span class='ocrx_word' id='word_1_3' title='bbox 837 825 883 876; x_wconf 84' lang='lat' dir='ltr'>na</span> <span class='ocrx_word' id='word_1_4' title='bbox 906 824 1077 877; x_wconf 76' lang='lat' dir='ltr'>crusnam.</span> <span class='ocrx_word' id='word_1_5' title='bbox 1212 813 1275 874; x_wconf 83' lang='lat'>105</span> 
     </span>
    </p>
   </div>
   <div class='ocr_carea' id='block_1_2' title="bbox 233 1002 1449 2729">
    <p class='ocr_par' dir='ltr' id='par_1_2' title="bbox 233 1002 1449 1808">
     <span class='ocr_line' id='line_1_2' title="bbox 233 1002 1401 1092; baseline -0.002 -22"><span class='ocrx_word' id='word_1_6' title='bbox 233 1006 316 1092; x_wconf 88' lang='lat' dir='ltr'>quod</span> <span class='ocrx_word' id='word_1_7' title='bbox 332 1028 398 1070; x_wconf 90' lang='lat' dir='ltr'>non</span> <span class='ocrx_word' id='word_1_8' title='bbox 422 1005 560 1092; x_wconf 87' lang='lat' dir='ltr'>propriis</span> <span class='ocrx_word' id='word_1_9' title='bbox 576 1005 765 1070; x_wconf 86' lang='lat' dir='ltr'>nominibus</span> <span class='ocrx_word' id='word_1_10' title='bbox 787 1026 847 1070; x_wconf 88' lang='lat' dir='ltr'>nec</span> <span class='ocrx_word' id='word_1_11' title='bbox 861 1005 1044 1081; x_wconf 85' lang='lat' dir='ltr'>monachos,</span> <span class='ocrx_word' id='word_1_12' title='bbox 1067 1004 1125 1068; x_wconf 85' lang='lat' dir='ltr'>sed</span> <span class='ocrx_word' id='word_1_13' title='bbox 1148 1002 1277 1066; x_wconf 89' lang='lat' dir='ltr'>canicu-</span> <span class='ocrx_word' id='word_1_14' title='bbox 1334 1018 1401 1068; x_wconf 68' lang='lat' dir='ltr'>an.</span> 
     </span>
     <span class='ocr_line' id='line_1_3' title="bbox 233 1091 1449 1186; baseline -0.005 -13"><span class='ocrx_word' id='word_1_15' title='bbox 233 1110 285 1186; x_wconf 90' lang='lat' dir='ltr'>los,</span> <span class='ocrx_word' id='word_1_16' title='bbox 317 1107 474 1173; x_wconf 81' lang='lat' dir='ltr'><strong>vassallos</strong></span> <span class='ocrx_word' id='word_1_17' title='bbox 496 1114 531 1172; x_wconf 89' lang='lat' dir='ltr'>et</span> <span class='ocrx_word' id='word_1_18' title='bbox 552 1106 696 1173; x_wconf 84' lang='lat' dir='ltr'>ribaldos</span> <span class='ocrx_word' id='word_1_19' title='bbox 720 1109 890 1172; x_wconf 89' lang='lat' dir='ltr'>nominare</span> <span class='ocrx_word' id='word_1_20' title='bbox 917 1111 1135 1172; x_wconf 84' lang='lat' dir='ltr'>consueverat.</span> <span class='ocrx_word' id='word_1_21' title='bbox 1182 1105 1227 1168; x_wconf 84' lang='lat' dir='ltr'>Et</span> <span class='ocrx_word' id='word_1_22' title='bbox 1250 1103 1280 1167; x_wconf 84' lang='lat' dir='ltr'>si</span> <span class='ocrx_word' id='word_1_23' title='bbox 1295 1091 1449 1135; x_wconf 71' lang='lat'>¹¹⁰¹&#39;¹¹⁹⁵·</span> 
     </span>
     <span class='ocr_line' id='line_1_4' title="bbox 233 1175 1413 1296; baseline -0.003 -22"><span class='ocrx_word' id='word_1_24' title='bbox 233 1211 408 1296; x_wconf 86' lang='lat' dir='ltr'>aliquando</span> <span class='ocrx_word' id='word_1_25' title='bbox 429 1233 487 1296; x_wconf 93' lang='lat' dir='ltr'>pro</span> <span class='ocrx_word' id='word_1_26' title='bbox 503 1208 633 1275; x_wconf 87' lang='lat' dir='ltr'>defectu</span> <span class='ocrx_word' id='word_1_27' title='bbox 648 1211 794 1275; x_wconf 88' lang='lat' dir='ltr'>ciborum</span> <span class='ocrx_word' id='word_1_28' title='bbox 817 1215 1067 1285; x_wconf 84' lang='lat' dir='ltr'>murmurarent,</span> <span class='ocrx_word' id='word_1_29' title='bbox 1090 1207 1179 1294; x_wconf 88' lang='lat' dir='ltr'>quod</span> <span class='ocrx_word' id='word_1_30' title='bbox 1193 1228 1279 1292; x_wconf 75' lang='lat' dir='ltr'>saepe</span> <span class='ocrx_word' id='word_1_31' title='bbox 1292 1175 1413 1292; x_wconf 43' lang='lat' dir='ltr'>ffilto</span> 
     </span>
     <span class='ocr_line' id='line_1_5' title="bbox 234 1309 1393 1424; baseline -0.003 -48"><span class='ocrx_word' id='word_1_32' title='bbox 234 1335 297 1376; x_wconf 91' lang='lat' dir='ltr'>nou</span> <span class='ocrx_word' id='word_1_33' title='bbox 312 1313 383 1377; x_wconf 87' lang='lat' dir='ltr'>sinc</span> <span class='ocrx_word' id='word_1_34' title='bbox 399 1336 496 1378; x_wconf 86' lang='lat' dir='ltr'>causa</span> <span class='ocrx_word' id='word_1_35' title='bbox 523 1313 743 1399; x_wconf 84' lang='lat' dir='ltr'>contingebat,</span> <span class='ocrx_word' id='word_1_36' title='bbox 768 1334 822 1378; x_wconf 88' lang='lat' dir='ltr'>eos</span> <span class='ocrx_word' id='word_1_37' title='bbox 837 1311 1069 1398; x_wconf 86' lang='lat' dir='ltr'>prebendarios</span> <span class='ocrx_word' id='word_1_38' title='bbox 1084 1332 1159 1376; x_wconf 84' lang='lat' dir='ltr'>suos</span> <span class='ocrx_word' id='word_1_39' title='bbox 1174 1309 1278 1375; x_wconf 91' lang='lat' dir='ltr'>nomi·</span> <span class='ocrx_word' id='word_1_40' title='bbox 1292 1310 1340 1358; x_wconf 70' lang='lat'>0³¹¹</span> <span class='ocrx_word' id='word_1_41' title='bbox 1352 1309 1393 1424; x_wconf 54' lang='grc' dir='ltr'>ξω</span> 
     </span>
     <span class='ocr_line' id='line_1_6' title="bbox 234 1391 1403 1506; baseline -0.003 -28"><span class='ocrx_word' id='word_1_42' title='bbox 234 1416 333 1491; x_wconf 81' lang='lat' dir='ltr'>navit,</span> <span class='ocrx_word' id='word_1_43' title='bbox 348 1422 384 1480; x_wconf 84' lang='lat' dir='ltr'>et</span> <span class='ocrx_word' id='word_1_44' title='bbox 404 1415 476 1479; x_wconf 86' lang='lat' dir='ltr'>ideo</span> <span class='ocrx_word' id='word_1_45' title='bbox 497 1415 584 1501; x_wconf 93' lang='lat' dir='ltr'>quod</span> <span class='ocrx_word' id='word_1_46' title='bbox 611 1416 753 1501; x_wconf 76' lang='lat' dir='ltr'>placeret</span> <span class='ocrx_word' id='word_1_47' title='bbox 776 1415 806 1479; x_wconf 93' lang='lat' dir='ltr'>ei</span> <span class='ocrx_word' id='word_1_48' title='bbox 830 1414 910 1501; x_wconf 85' lang='lat' dir='ltr'>ipsis</span> <span class='ocrx_word' id='word_1_49' title='bbox 933 1413 1045 1494; x_wconf 82' lang='lat' dir='ltr'>daret3</span> <span class='ocrx_word' id='word_1_50' title='bbox 1068 1419 1102 1478; x_wconf 87' lang='lat' dir='ltr'>et</span> <span class='ocrx_word' id='word_1_51' title='bbox 1122 1412 1214 1498; x_wconf 80' lang='lat' dir='ltr'>quasi</span> <span class='ocrx_word' id='word_1_52' title='bbox 1237 1411 1280 1475; x_wconf 88' lang='lat' dir='ltr'>ad</span> <span class='ocrx_word' id='word_1_53' title='bbox 1293 1391 1403 1506; x_wconf 55' lang='lat' dir='ltr'>ffiss’„</span> 
     </span>
     <span class='ocr_line' id='line_1_7' title="bbox 233 1507 1427 1626; baseline -0.002 -46"><span class='ocrx_word' id='word_1_54' title='bbox 233 1516 352 1603; x_wconf 88' lang='lat' dir='ltr'>proprii</span> <span class='ocrx_word' id='word_1_55' title='bbox 379 1517 524 1582; x_wconf 87' lang='lat' dir='ltr'>criminis</span> <span class='ocrx_word' id='word_1_56' title='bbox 546 1519 788 1583; x_wconf 86' lang='lat' dir='ltr'>excusationem</span> <span class='ocrx_word' id='word_1_57' title='bbox 812 1539 923 1582; x_wconf 87' lang='lat' dir='ltr'>omnes</span> <span class='ocrx_word' id='word_1_58' title='bbox 945 1515 1170 1581; x_wconf 82' lang='lat' dir='ltr'>indifferenter</span> <span class='ocrx_word' id='word_1_59' title='bbox 1201 1507 1427 1626; x_wconf 54' lang='lat' dir='ltr'>¹¹¹oe³²¹ss1⁸l¹ssgffl</span> 
     </span>
     <span class='ocr_line' id='line_1_8' title="bbox 233 1590 1447 1705; baseline -0.001 -22"><span class='ocrx_word' id='word_1_60' title='bbox 233 1619 306 1683; x_wconf 83' lang='lat' dir='ltr'>clros</span> <span class='ocrx_word' id='word_1_61' title='bbox 320 1619 463 1684; x_wconf 82' lang='lat' dir='ltr'>vocavit.</span> <span class='ocrx_word' id='word_1_62' title='bbox 509 1620 632 1684; x_wconf 80' lang='lat' dir='ltr'>Vcruur</span> <span class='ocrx_word' id='word_1_63' title='bbox 657 1620 808 1705; x_wconf 83' lang='lat' dir='ltr'>quamvis</span> <span class='ocrx_word' id='word_1_64' title='bbox 831 1620 867 1683; x_wconf 92' lang='lat' dir='ltr'>iu</span> <span class='ocrx_word' id='word_1_65' title='bbox 893 1625 988 1683; x_wconf 89' lang='lat' dir='ltr'>tanto</span> <span class='ocrx_word' id='word_1_66' title='bbox 1007 1620 1160 1705; x_wconf 80' lang='lat' dir='ltr'>despectu</span> <span class='ocrx_word' id='word_1_67' title='bbox 1184 1616 1281 1682; x_wconf 82' lang='lat' dir='ltr'>lrabe-</span> <span class='ocrx_word' id='word_1_68' title='bbox 1294 1591 1325 1626; x_wconf 81' lang='lat' dir='ltr'>an</span> <span class='ocrx_word' id='word_1_69' title='bbox 1348 1590 1368 1624; x_wconf 78' lang='lat' dir='ltr'>rr</span> <span class='ocrx_word' id='word_1_70' title='bbox 1428 1592 1447 1625; x_wconf 49' lang='grc' dir='ltr'>δ’</span> 
     </span>
     <span class='ocr_line' id='line_1_9' title="bbox 234 1721 1280 1808; baseline 0 -24"><span class='ocrx_word' id='word_1_71' title='bbox 234 1743 349 1800; x_wconf 89' lang='lat' dir='ltr'>remur,</span> <span class='ocrx_word' id='word_1_72' title='bbox 365 1728 477 1788; x_wconf 80' lang='lat' dir='ltr'>tamen</span> <span class='ocrx_word' id='word_1_73' title='bbox 500 1722 569 1788; x_wconf 87' lang='lat' dir='ltr'>haec</span> <span class='ocrx_word' id='word_1_74' title='bbox 583 1723 649 1787; x_wconf 89' lang='lat' dir='ltr'>fuit</span> <span class='ocrx_word' id='word_1_75' title='bbox 663 1723 698 1786; x_wconf 91' lang='lat' dir='ltr'>in</span> <span class='ocrx_word' id='word_1_76' title='bbox 721 1727 833 1787; x_wconf 92' lang='lat' dir='ltr'>nostro</span> <span class='ocrx_word' id='word_1_77' title='bbox 848 1727 978 1808; x_wconf 75' lang='lat' dir='ltr'>pectore</span> <span class='ocrx_word' id='word_1_78' title='bbox 993 1743 1072 1786; x_wconf 89' lang='lat' dir='ltr'>cura</span> <span class='ocrx_word' id='word_1_79' title='bbox 1094 1721 1208 1796; x_wconf 89' lang='lat' dir='ltr'>minor,</span> <span class='ocrx_word' id='word_1_80' title='bbox 1224 1721 1280 1786; x_wconf 89' lang='lat' dir='ltr'>scd</span> 
     </span>
    </p>

    <p class='ocr_par' dir='ltr' id='par_1_3' title="bbox 235 1823 1279 1910">
     <span class='ocr_line' id='line_1_10' title="bbox 235 1823 1279 1910; baseline 0 -24"><span class='ocrx_word' id='word_1_81' title='bbox 235 1846 329 1910; x_wconf 84' lang='lat' dir='ltr'>super</span> <span class='ocrx_word' id='word_1_82' title='bbox 343 1823 405 1888; x_wconf 90' lang='lat' dir='ltr'>boc</span> <span class='ocrx_word' id='word_1_83' title='bbox 423 1825 526 1910; x_wconf 83' lang='lat' dir='ltr'>magis</span> <span class='ocrx_word' id='word_1_84' title='bbox 547 1825 737 1891; x_wconf 81' lang='lat' dir='ltr'>dolebamus</span> <span class='ocrx_word' id='word_1_85' title='bbox 758 1824 846 1910; x_wconf 90' lang='lat' dir='ltr'>quod</span> <span class='ocrx_word' id='word_1_86' title='bbox 872 1823 974 1889; x_wconf 87' lang='lat' dir='ltr'>abbas</span> <span class='ocrx_word' id='word_1_87' title='bbox 997 1830 1116 1900; x_wconf 87' lang='lat' dir='ltr'>noster,</span> <span class='ocrx_word' id='word_1_88' title='bbox 1132 1829 1171 1887; x_wconf 87' lang='lat' dir='ltr'>ut</span> <span class='ocrx_word' id='word_1_89' title='bbox 1194 1823 1279 1887; x_wconf 85' lang='lat' dir='ltr'>dixi-</span> 
     </span>
    </p>

    <p class='ocr_par' dir='ltr' id='par_1_4' title="bbox 236 1925 1279 2001">
     <span class='ocr_line' id='line_1_11' title="bbox 236 1925 1279 2001; baseline 0 -12"><span class='ocrx_word' id='word_1_90' title='bbox 236 1949 313 2001; x_wconf 75' lang='lat' dir='ltr'>muS,</span> <span class='ocrx_word' id='word_1_91' title='bbox 336 1948 404 1991; x_wconf 91' lang='lat' dir='ltr'>non</span> <span class='ocrx_word' id='word_1_92' title='bbox 419 1932 551 1991; x_wconf 87' lang='lat' dir='ltr'>tantum</span> <span class='ocrx_word' id='word_1_93' title='bbox 567 1927 726 1991; x_wconf 89' lang='lat' dir='ltr'>alienavit</span> <span class='ocrx_word' id='word_1_94' title='bbox 742 1948 776 1991; x_wconf 87' lang='lat' dir='ltr'>se</span> <span class='ocrx_word' id='word_1_95' title='bbox 790 1950 811 1991; x_wconf 91' lang='lat' dir='ltr'>a</span> <span class='ocrx_word' id='word_1_96' title='bbox 832 1926 935 2001; x_wconf 88' lang='lat' dir='ltr'>nobis,</span> <span class='ocrx_word' id='word_1_97' title='bbox 958 1925 1015 1991; x_wconf 86' lang='lat' dir='ltr'>sed</span> <span class='ocrx_word' id='word_1_98' title='bbox 1031 1927 1132 1991; x_wconf 88' lang='lat' dir='ltr'>etiam</span> <span class='ocrx_word' id='word_1_99' title='bbox 1155 1927 1279 1991; x_wconf 77' lang='lat' dir='ltr'>victruu</span> 
     </span>
    </p>

    <p class='ocr_par' dir='ltr' id='par_1_5' title="bbox 235 2028 1281 2114">
     <span class='ocr_line' id='line_1_12' title="bbox 235 2028 1281 2114; baseline 0.002 -22"><span class='ocrx_word' id='word_1_100' title='bbox 235 2036 266 2092; x_wconf 91' lang='lat' dir='ltr'>ct</span> <span class='ocrx_word' id='word_1_101' title='bbox 280 2029 439 2094; x_wconf 83' lang='lat' dir='ltr'>vestitum</span> <span class='ocrx_word' id='word_1_102' title='bbox 462 2029 557 2094; x_wconf 91' lang='lat' dir='ltr'>nobis</span> <span class='ocrx_word' id='word_1_103' title='bbox 579 2030 756 2109; x_wconf 74' lang='lat' dir='ltr'><strong>subtraxit,</strong></span> <span class='ocrx_word' id='word_1_104' title='bbox 772 2036 807 2094; x_wconf 81' lang='lat' dir='ltr'>ot</span> <span class='ocrx_word' id='word_1_105' title='bbox 823 2051 861 2094; x_wconf 87' lang='lat' dir='ltr'>ea</span> <span class='ocrx_word' id='word_1_106' title='bbox 876 2029 911 2092; x_wconf 91' lang='lat' dir='ltr'>in</span> <span class='ocrx_word' id='word_1_107' title='bbox 926 2028 1079 2114; x_wconf 81' lang='lat' dir='ltr'>abyssum</span> <span class='ocrx_word' id='word_1_108' title='bbox 1095 2051 1190 2093; x_wconf 86' lang='lat' dir='ltr'>suurn</span> <span class='ocrx_word' id='word_1_109' title='bbox 1207 2052 1281 2094; x_wconf 86' lang='lat' dir='ltr'>con-</span> 
     </span>
    </p>

    <p class='ocr_par' dir='ltr' id='par_1_6' title="bbox 236 2130 1441 2626">
     <span class='ocr_line' id='line_1_13' title="bbox 236 2130 1431 2207; baseline 0.008 -14"><span class='ocrx_word' id='word_1_110' title='bbox 236 2132 342 2207; x_wconf 83' lang='lat' dir='ltr'>vertit,</span> <span class='ocrx_word' id='word_1_111' title='bbox 357 2135 392 2195; x_wconf 88' lang='lat' dir='ltr'>et</span> <span class='ocrx_word' id='word_1_112' title='bbox 415 2154 575 2196; x_wconf 85' lang='lat' dir='ltr'>cameram</span> <span class='ocrx_word' id='word_1_113' title='bbox 603 2139 638 2197; x_wconf 90' lang='lat' dir='ltr'>et</span> <span class='ocrx_word' id='word_1_114' title='bbox 652 2132 870 2197; x_wconf 70' lang='lat' dir='ltr'>sacristariam</span> <span class='ocrx_word' id='word_1_115' title='bbox 895 2138 930 2195; x_wconf 85' lang='lat' dir='ltr'>et</span> <span class='ocrx_word' id='word_1_116' title='bbox 953 2131 1033 2196; x_wconf 79' lang='lat' dir='ltr'>alias·</span> <span class='ocrx_word' id='word_1_117' title='bbox 1057 2130 1277 2197; x_wconf 81' lang='lat' dir='ltr'>obedientiaa¹</span> <span class='ocrx_word' id='word_1_118' title='bbox 1294 2138 1431 2204; x_wconf 67' lang='lat' dir='ltr'>Anamari·</span> 
     </span>
     <span class='ocr_line' id='line_1_14' title="bbox 237 2206 1441 2337; baseline 0.003 -42"><span class='ocrx_word' id='word_1_119' title='bbox 237 2232 268 2296; x_wconf 90' lang='lat' dir='ltr'>in</span> <span class='ocrx_word' id='word_1_120' title='bbox 289 2256 390 2298; x_wconf 89' lang='lat' dir='ltr'>manu</span> <span class='ocrx_word' id='word_1_121' title='bbox 420 2257 480 2299; x_wconf 84' lang='lat' dir='ltr'>sua</span> <span class='ocrx_word' id='word_1_122' title='bbox 501 2241 664 2320; x_wconf 89' lang='lat' dir='ltr'>quantum</span> <span class='ocrx_word' id='word_1_123' title='bbox 690 2235 721 2300; x_wconf 87' lang='lat' dir='ltr'>ei</span> <span class='ocrx_word' id='word_1_124' title='bbox 751 2234 876 2320; x_wconf 84' lang='lat' dir='ltr'>placuit</span> <span class='ocrx_word' id='word_1_125' title='bbox 910 2234 1027 2298; x_wconf 84' lang='lat' dir='ltr'>tenuit.</span> <span class='ocrx_word' id='word_1_126' title='bbox 1089 2233 1280 2320; x_wconf 83' lang='lat' dir='ltr'>Aliquando</span> <span class='ocrx_word' id='word_1_127' title='bbox 1294 2206 1441 2337; x_wconf 48' lang='lat' dir='ltr'>{ffihgw</span> 
     </span>
     <span class='ocr_line' id='line_1_15' title="bbox 238 2336 1372 2420; baseline 0.004 -21"><span class='ocrx_word' id='word_1_128' title='bbox 238 2336 428 2420; x_wconf 88' lang='lat' dir='ltr'>quibusdam</span> <span class='ocrx_word' id='word_1_129' title='bbox 443 2336 533 2401; x_wconf 83' lang='lat' dir='ltr'>falsis</span> <span class='ocrx_word' id='word_1_130' title='bbox 557 2338 713 2402; x_wconf 83' lang='lat' dir='ltr'>fratribus</span> <span class='ocrx_word' id='word_1_131' title='bbox 739 2337 781 2401; x_wconf 85' lang='lat' dir='ltr'>ad</span> <span class='ocrx_word' id='word_1_132' title='bbox 804 2337 932 2400; x_wconf 87' lang='lat' dir='ltr'>firmam</span> <span class='ocrx_word' id='word_1_133' title='bbox 960 2336 1107 2413; x_wconf 87' lang='lat' dir='ltr'>tradidit,</span> <span class='ocrx_word' id='word_1_134' title='bbox 1134 2337 1372 2404; x_wconf 74' lang='lat' dir='ltr'>retinensrertr-</span> 
     </span>
     <span class='ocr_line' id='line_1_16' title="bbox 238 2436 1282 2526; baseline 0.002 -25"><span class='ocrx_word' id='word_1_135' title='bbox 238 2436 410 2523; x_wconf 88' lang='lat' dir='ltr'>aliquando</span> <span class='ocrx_word' id='word_1_136' title='bbox 433 2439 495 2503; x_wconf 93' lang='lat' dir='ltr'>sibi</span> <span class='ocrx_word' id='word_1_137' title='bbox 520 2444 554 2504; x_wconf 86' lang='lat' dir='ltr'>et</span> <span class='ocrx_word' id='word_1_138' title='bbox 578 2440 792 2526; x_wconf 88' lang='lat' dir='ltr'>approprians</span> <span class='ocrx_word' id='word_1_139' title='bbox 816 2439 983 2503; x_wconf 88' lang='lat' dir='ltr'>meliorem</span> <span class='ocrx_word' id='word_1_140' title='bbox 1007 2440 1190 2524; x_wconf 88' lang='lat' dir='ltr'>portionem</span> <span class='ocrx_word' id='word_1_141' title='bbox 1207 2438 1282 2503; x_wconf 87' lang='lat' dir='ltr'>obe-</span> 
     </span>
     <span class='ocr_line' id='line_1_17' title="bbox 239 2540 1281 2626; baseline 0.003 -24"><span class='ocrx_word' id='word_1_142' title='bbox 239 2540 433 2606; x_wconf 85' lang='lat' dir='ltr'>dientiarum</span> <span class='ocrx_word' id='word_1_143' title='bbox 456 2547 489 2606; x_wconf 87' lang='lat' dir='ltr'>et</span> <span class='ocrx_word' id='word_1_144' title='bbox 512 2541 610 2606; x_wconf 89' lang='lat' dir='ltr'>aliam</span> <span class='ocrx_word' id='word_1_145' title='bbox 625 2542 758 2607; x_wconf 84' lang='lat' dir='ltr'>tradens</span> <span class='ocrx_word' id='word_1_146' title='bbox 775 2542 864 2606; x_wconf 86' lang='lat' dir='ltr'>falsis</span> <span class='ocrx_word' id='word_1_147' title='bbox 880 2540 1045 2606; x_wconf 79' lang='lat' dir='ltr'>fratribus,</span> <span class='ocrx_word' id='word_1_148' title='bbox 1091 2540 1281 2626; x_wconf 90' lang='lat' dir='ltr'>Aliquando</span> 
     </span>
    </p>

    <p class='ocr_par' dir='ltr' id='par_1_7' title="bbox 240 2643 1282 2729">
     <span class='ocr_line' id='line_1_18' title="bbox 240 2643 1282 2729; baseline 0.001 -23"><span class='ocrx_word' id='word_1_149' title='bbox 240 2643 335 2707; x_wconf 85' lang='lat' dir='ltr'>etiam</span> <span class='ocrx_word' id='word_1_150' title='bbox 364 2644 592 2723; x_wconf 87' lang='lat' dir='ltr'>commutavit,</span> <span class='ocrx_word' id='word_1_151' title='bbox 619 2644 715 2709; x_wconf 86' lang='lat' dir='ltr'>nobis</span> <span class='ocrx_word' id='word_1_152' title='bbox 749 2643 953 2719; x_wconf 59' lang='lat' dir='ltr'>inconsultior,</span> <span class='ocrx_word' id='word_1_153' title='bbox 980 2643 1084 2708; x_wconf 81' lang='lat' dir='ltr'>bonas</span> <span class='ocrx_word' id='word_1_154' title='bbox 1117 2644 1282 2729; x_wconf 81' lang='lat' dir='ltr'>portiones</span> 
     </span>
    </p>
   </div>
   <div class='ocr_carea' id='block_1_3' title="bbox 240 2743 1282 2832">
    <p class='ocr_par' dir='ltr' id='par_1_8' title="bbox 240 2743 1282 2832">
     <span class='ocr_line' id='line_1_19' title="bbox 240 2743 1282 2832; baseline 0.001 -23"><span class='ocrx_word' id='word_1_155' title='bbox 240 2766 306 2809; x_wconf 88' lang='lat' dir='ltr'>cum</span> <span class='ocrx_word' id='word_1_156' title='bbox 336 2743 511 2832; x_wconf 86' lang='lat' dir='ltr'>pejoribus,</span> <span class='ocrx_word' id='word_1_157' title='bbox 533 2745 639 2810; x_wconf 85' lang='lat' dir='ltr'>veluti</span> <span class='ocrx_word' id='word_1_158' title='bbox 662 2745 867 2812; x_wconf 85' lang='lat' dir='ltr'>Burtbonam</span> <span class='ocrx_word' id='word_1_159' title='bbox 901 2769 975 2831; x_wconf 86' lang='lat' dir='ltr'>quae</span> <span class='ocrx_word' id='word_1_160' title='bbox 996 2746 1062 2811; x_wconf 89' lang='lat' dir='ltr'>fuit</span> <span class='ocrx_word' id='word_1_161' title='bbox 1084 2746 1125 2812; x_wconf 84' lang='lat' dir='ltr'>dc</span> <span class='ocrx_word' id='word_1_162' title='bbox 1155 2768 1282 2812; x_wconf 87' lang='lat' dir='ltr'>camera</span> 
     </span>
    </p>
   </div>
   <div class='ocr_carea' id='block_1_4' title="bbox 242 2848 1431 2936">
    <p class='ocr_par' dir='ltr' id='par_1_9' title="bbox 242 2848 1431 2936">
     <span class='ocr_line' id='line_1_20' title="bbox 242 2848 1431 2936; baseline 0.003 -25"><span class='ocrx_word' id='word_1_163' title='bbox 242 2869 307 2912; x_wconf 88' lang='lat' dir='ltr'>curn</span> <span class='ocrx_word' id='word_1_164' title='bbox 331 2848 518 2912; x_wconf 88' lang='lat' dir='ltr'>Samburna</span> <span class='ocrx_word' id='word_1_165' title='bbox 532 2871 606 2933; x_wconf 82' lang='lat' dir='ltr'>quae</span> <span class='ocrx_word' id='word_1_166' title='bbox 621 2855 672 2914; x_wconf 85' lang='lat' dir='ltr'>est</span> <span class='ocrx_word' id='word_1_167' title='bbox 697 2848 738 2914; x_wconf 88' lang='lat' dir='ltr'>de</span> <span class='ocrx_word' id='word_1_168' title='bbox 765 2849 923 2914; x_wconf 80' lang='lat' dir='ltr'>celeraria.</span> <span class='ocrx_word' id='word_1_169' title='bbox 970 2849 1025 2914; x_wconf 89' lang='lat' dir='ltr'>Ita</span> <span class='ocrx_word' id='word_1_170' title='bbox 1051 2872 1110 2914; x_wconf 85' lang='lat' dir='ltr'>nos</span> <span class='ocrx_word' id='word_1_171' title='bbox 1126 2850 1283 2936; x_wconf 88' lang='lat' dir='ltr'>spoliavit</span> <span class='ocrx_word' id='word_1_172' title='bbox 1296 2857 1377 2906; x_wconf 68' lang='lat' dir='ltr'>arins</span> <span class='ocrx_word' id='word_1_173' title='bbox 1389 2855 1431 2904; x_wconf 73' lang='lat' dir='ltr'>ua·</span> 
     </span>
    </p>
   </div>
   <div class='ocr_carea' id='block_1_5' title="bbox 236 2924 1450 3042">
    <p class='ocr_par' dir='ltr' id='par_1_10' title="bbox 236 2924 1450 3042">
     <span class='ocr_line' id='line_1_21' title="bbox 236 2924 1450 3042; baseline 0.008 -30"><span class='ocrx_word' id='word_1_174' title='bbox 236 2949 409 3036; x_wconf 90' lang='lat' dir='ltr'>aliquando</span> <span class='ocrx_word' id='word_1_175' title='bbox 432 2973 559 3016; x_wconf 85' lang='lat' dir='ltr'>camera</span> <span class='ocrx_word' id='word_1_176' title='bbox 581 2952 667 3036; x_wconf 87' lang='lat' dir='ltr'>quod</span> <span class='ocrx_word' id='word_1_177' title='bbox 682 2974 739 3039; x_wconf 85' lang='lat' dir='ltr'>per</span> <span class='ocrx_word' id='word_1_178' title='bbox 762 2951 868 3016; x_wconf 89' lang='lat' dir='ltr'>multa</span> <span class='ocrx_word' id='word_1_179' title='bbox 882 2958 1032 3039; x_wconf 89' lang='lat' dir='ltr'>tempora</span> <span class='ocrx_word' id='word_1_180' title='bbox 1046 2953 1143 3017; x_wconf 89' lang='lat' dir='ltr'>multi</span> <span class='ocrx_word' id='word_1_181' title='bbox 1167 2952 1283 3018; x_wconf 84' lang='lat' dir='ltr'>fratres</span> <span class='ocrx_word' id='word_1_182' title='bbox 1296 2924 1450 3042; x_wconf 53' lang='grc' dir='ltr'>ξῖξῖἓζξᾙὲ</span> 
     </span>
    </p>
   </div>
   <div class='ocr_carea' id='block_1_6' title="bbox 243 3049 1370 4375">
    <p class='ocr_par' dir='ltr' id='par_1_11' title="bbox 243 3049 1370 4375">
     <span class='ocr_line' id='line_1_22' title="bbox 243 3049 1370 3142; baseline 0.004 -27"><span class='ocrx_word' id='word_1_183' title='bbox 243 3049 277 3116; x_wconf 84' lang='lat' dir='ltr'>ob</span> <span class='ocrx_word' id='word_1_184' title='bbox 292 3052 455 3117; x_wconf 76' lang='lat' dir='ltr'>‹lefectum</span> <span class='ocrx_word' id='word_1_185' title='bbox 478 3053 666 3134; x_wconf 84' lang='lat' dir='ltr'>froccorum,</span> <span class='ocrx_word' id='word_1_186' title='bbox 690 3077 750 3119; x_wconf 88' lang='lat' dir='ltr'>nec</span> <span class='ocrx_word' id='word_1_187' title='bbox 774 3053 905 3120; x_wconf 89' lang='lat' dir='ltr'>eborum</span> <span class='ocrx_word' id='word_1_188' title='bbox 922 3077 981 3119; x_wconf 88' lang='lat' dir='ltr'>nec</span> <span class='ocrx_word' id='word_1_189' title='bbox 996 3056 1176 3141; x_wconf 89' lang='lat' dir='ltr'>capitulum</span> <span class='ocrx_word' id='word_1_190' title='bbox 1193 3057 1283 3142; x_wconf 89' lang='lat' dir='ltr'>sequi</span> <span class='ocrx_word' id='word_1_191' title='bbox 1296 3059 1370 3112; x_wconf 66' lang='lat' dir='ltr'>soon„</span> 
     </span>
     <span class='ocr_line' id='line_1_23' title="bbox 244 3155 1282 3243; baseline 0.002 -24"><span class='ocrx_word' id='word_1_192' title='bbox 244 3159 396 3239; x_wconf 83' lang='lat' dir='ltr'>poterant,</span> <span class='ocrx_word' id='word_1_193' title='bbox 413 3156 478 3231; x_wconf 88' lang='lat' dir='ltr'>alii,</span> <span class='ocrx_word' id='word_1_194' title='bbox 500 3155 589 3241; x_wconf 93' lang='lat' dir='ltr'>quod</span> <span class='ocrx_word' id='word_1_195' title='bbox 615 3157 707 3243; x_wconf 86' lang='lat' dir='ltr'>pejus</span> <span class='ocrx_word' id='word_1_196' title='bbox 731 3164 808 3233; x_wconf 87' lang='lat' dir='ltr'>erat,</span> <span class='ocrx_word' id='word_1_197' title='bbox 833 3157 875 3222; x_wconf 90' lang='lat' dir='ltr'>ob</span> <span class='ocrx_word' id='word_1_198' title='bbox 898 3157 1060 3221; x_wconf 88' lang='lat' dir='ltr'>defectum</span> <span class='ocrx_word' id='word_1_199' title='bbox 1083 3156 1282 3223; x_wconf 88' lang='lat' dir='ltr'>cucullarum</span> 
     </span>
     <span class='ocr_line' id='line_1_24' title="bbox 245 3258 1281 3326; baseline 0.006 -7"><span class='ocrx_word' id='word_1_200' title='bbox 245 3262 271 3320; x_wconf 89' lang='lat' dir='ltr'>ct</span> <span class='ocrx_word' id='word_1_201' title='bbox 294 3258 497 3323; x_wconf 84' lang='lat' dir='ltr'>femoralium</span> <span class='ocrx_word' id='word_1_202' title='bbox 529 3280 588 3323; x_wconf 89' lang='lat' dir='ltr'>nec</span> <span class='ocrx_word' id='word_1_203' title='bbox 618 3259 733 3324; x_wconf 90' lang='lat' dir='ltr'>divina</span> <span class='ocrx_word' id='word_1_204' title='bbox 758 3260 918 3325; x_wconf 87' lang='lat' dir='ltr'>celebrare</span> <span class='ocrx_word' id='word_1_205' title='bbox 942 3283 1001 3324; x_wconf 86' lang='lat' dir='ltr'>nec</span> <span class='ocrx_word' id='word_1_206' title='bbox 1026 3261 1281 3326; x_wconf 86' lang='lat' dir='ltr'>inconventum</span> 
     </span>
     <span class='ocr_line' id='line_1_25' title="bbox 245 3357 1283 3450; baseline 0.008 -29"><span class='ocrx_word' id='word_1_207' title='bbox 245 3357 359 3424; x_wconf 88' lang='lat' dir='ltr'>intrare</span> <span class='ocrx_word' id='word_1_208' title='bbox 382 3365 544 3446; x_wconf 77' lang='lat' dir='ltr'>poterant.</span> <span class='ocrx_word' id='word_1_209' title='bbox 607 3361 669 3427; x_wconf 88' lang='lat' dir='ltr'>Per</span> <span class='ocrx_word' id='word_1_210' title='bbox 693 3363 813 3427; x_wconf 83' lang='lat' dir='ltr'>multos</span> <span class='ocrx_word' id='word_1_211' title='bbox 836 3363 936 3427; x_wconf 87' lang='lat' dir='ltr'>etiam</span> <span class='ocrx_word' id='word_1_212' title='bbox 959 3362 1028 3426; x_wconf 85' lang='lat' dir='ltr'>dies</span> <span class='ocrx_word' id='word_1_213' title='bbox 1051 3362 1086 3425; x_wconf 92' lang='lat' dir='ltr'>iu</span> <span class='ocrx_word' id='word_1_214' title='bbox 1108 3362 1176 3427; x_wconf 84' lang='lat' dir='ltr'>solo</span> <span class='ocrx_word' id='word_1_215' title='bbox 1199 3386 1283 3450; x_wconf 90' lang='lat' dir='ltr'>pane</span> 
     </span>
     <span class='ocr_line' id='line_1_26' title="bbox 245 3463 1284 3551; baseline 0.009 -27"><span class='ocrx_word' id='word_1_216' title='bbox 245 3469 272 3525; x_wconf 85' lang='lat' dir='ltr'>ct</span> <span class='ocrx_word' id='word_1_217' title='bbox 293 3485 378 3547; x_wconf 66' lang='lat' dir='ltr'>apua</span> <span class='ocrx_word' id='word_1_218' title='bbox 408 3463 562 3541; x_wconf 83' lang='lat' dir='ltr'>viximus,</span> <span class='ocrx_word' id='word_1_219' title='bbox 586 3469 620 3529; x_wconf 91' lang='lat' dir='ltr'>et</span> <span class='ocrx_word' id='word_1_220' title='bbox 650 3465 764 3529; x_wconf 89' lang='lat' dir='ltr'>multis</span> <span class='ocrx_word' id='word_1_221' title='bbox 795 3465 830 3529; x_wconf 90' lang='lat' dir='ltr'>iu</span> <span class='ocrx_word' id='word_1_222' title='bbox 860 3487 943 3551; x_wconf 85' lang='lat' dir='ltr'>pauc</span> <span class='ocrx_word' id='word_1_223' title='bbox 974 3465 1054 3530; x_wconf 90' lang='lat' dir='ltr'>duro</span> <span class='ocrx_word' id='word_1_224' title='bbox 1081 3472 1115 3530; x_wconf 87' lang='lat' dir='ltr'>ct</span> <span class='ocrx_word' id='word_1_225' title='bbox 1146 3469 1284 3533; x_wconf 83' lang='lat' dir='ltr'>cervisia</span> 
     </span>
     <span class='ocr_line' id='line_1_27' title="bbox 246 3566 1283 3657; baseline 0.007 -28"><span class='ocrx_word' id='word_1_226' title='bbox 246 3584 351 3647; x_wconf 81' lang='lat' dir='ltr'>parum</span> <span class='ocrx_word' id='word_1_227' title='bbox 382 3566 555 3632; x_wconf 82' lang='lat' dir='ltr'>differente</span> <span class='ocrx_word' id='word_1_228' title='bbox 581 3569 622 3632; x_wconf 88' lang='lat' dir='ltr'>ab</span> <span class='ocrx_word' id='word_1_229' title='bbox 649 3589 734 3653; x_wconf 90' lang='lat' dir='ltr'>aqua</span> <span class='ocrx_word' id='word_1_230' title='bbox 759 3568 830 3632; x_wconf 89' lang='lat' dir='ltr'>siue</span> <span class='ocrx_word' id='word_1_231' title='bbox 853 3568 999 3654; x_wconf 86' lang='lat' dir='ltr'>pitancia</span> <span class='ocrx_word' id='word_1_232' title='bbox 1024 3569 1156 3634; x_wconf 77' lang='lat' dir='ltr'>fuimus</span> <span class='ocrx_word' id='word_1_233' title='bbox 1209 3570 1283 3657; x_wconf 85' lang='lat' dir='ltr'>Ipse</span> 
     </span>
     <span class='ocr_line' id='line_1_28' title="bbox 246 3669 1283 3757; baseline 0.009 -27"><span class='ocrx_word' id='word_1_234' title='bbox 246 3687 313 3734; x_wconf 80' lang='lat' dir='ltr'>vcro</span> <span class='ocrx_word' id='word_1_235' title='bbox 330 3669 456 3734; x_wconf 85' lang='lat' dir='ltr'>deliciis</span> <span class='ocrx_word' id='word_1_236' title='bbox 479 3669 635 3736; x_wconf 88' lang='lat' dir='ltr'>affluebat</span> <span class='ocrx_word' id='word_1_237' title='bbox 649 3694 723 3736; x_wconf 90' lang='lat' dir='ltr'>cum</span> <span class='ocrx_word' id='word_1_238' title='bbox 739 3670 935 3757; x_wconf 89' lang='lat' dir='ltr'>quibusdam</span> <span class='ocrx_word' id='word_1_239' title='bbox 960 3671 1127 3751; x_wconf 85' lang='lat' dir='ltr'>fratribus,</span> <span class='ocrx_word' id='word_1_240' title='bbox 1150 3679 1185 3738; x_wconf 90' lang='lat' dir='ltr'>ct</span> <span class='ocrx_word' id='word_1_241' title='bbox 1211 3680 1283 3739; x_wconf 90' lang='lat' dir='ltr'>tum</span> 
     </span>
     <span class='ocr_line' id='line_1_29' title="bbox 246 3774 1283 3861; baseline 0.005 -25"><span class='ocrx_word' id='word_1_242' title='bbox 246 3791 295 3854; x_wconf 89' lang='lat' dir='ltr'>pcr</span> <span class='ocrx_word' id='word_1_243' title='bbox 317 3778 470 3859; x_wconf 88' lang='lat' dir='ltr'>quartam</span> <span class='ocrx_word' id='word_1_244' title='bbox 486 3780 613 3860; x_wconf 87' lang='lat' dir='ltr'>partem</span> <span class='ocrx_word' id='word_1_245' title='bbox 636 3775 723 3851; x_wconf 91' lang='lat' dir='ltr'>anni,</span> <span class='ocrx_word' id='word_1_246' title='bbox 747 3779 819 3838; x_wconf 88' lang='lat' dir='ltr'>turn</span> <span class='ocrx_word' id='word_1_247' title='bbox 842 3774 991 3860; x_wconf 87' lang='lat' dir='ltr'>amplius,</span> <span class='ocrx_word' id='word_1_248' title='bbox 1014 3775 1102 3861; x_wconf 91' lang='lat' dir='ltr'>apud</span> <span class='ocrx_word' id='word_1_249' title='bbox 1126 3775 1283 3856; x_wconf 87' lang='lat' dir='ltr'>Baddebi,</span> 
     </span>
     <span class='ocr_line' id='line_1_30' title="bbox 246 3875 1285 3963; baseline 0.007 -27"><span class='ocrx_word' id='word_1_250' title='bbox 246 3881 274 3938; x_wconf 84' lang='lat' dir='ltr'>et</span> <span class='ocrx_word' id='word_1_251' title='bbox 306 3875 425 3942; x_wconf 88' lang='lat' dir='ltr'>iterum</span> <span class='ocrx_word' id='word_1_252' title='bbox 459 3877 547 3963; x_wconf 85' lang='lat' dir='ltr'>apud</span> <span class='ocrx_word' id='word_1_253' title='bbox 572 3876 794 3942; x_wconf 85' lang='lat' dir='ltr'>Bradeuuclle</span> <span class='ocrx_word' id='word_1_254' title='bbox 818 3876 871 3941; x_wconf 84' lang='lat' dir='ltr'>vel</span> <span class='ocrx_word' id='word_1_255' title='bbox 904 3875 1061 3957; x_wconf 83' lang='lat' dir='ltr'>Eurotan,</span> <span class='ocrx_word' id='word_1_256' title='bbox 1093 3879 1128 3941; x_wconf 91' lang='lat' dir='ltr'>iu</span> <span class='ocrx_word' id='word_1_257' title='bbox 1166 3878 1285 3963; x_wconf 78' lang='lat' dir='ltr'>quibus</span> 
     </span>
     <span class='ocr_line' id='line_1_31' title="bbox 246 3979 1285 4066; baseline 0.005 -26"><span class='ocrx_word' id='word_1_258' title='bbox 246 3979 391 4043; x_wconf 87' lang='lat' dir='ltr'>maneriis</span> <span class='ocrx_word' id='word_1_259' title='bbox 421 3979 547 4044; x_wconf 90' lang='lat' dir='ltr'>nobilia</span> <span class='ocrx_word' id='word_1_260' title='bbox 576 3984 611 4044; x_wconf 89' lang='lat' dir='ltr'>ct</span> <span class='ocrx_word' id='word_1_261' title='bbox 634 3980 726 4066; x_wconf 86' lang='lat' dir='ltr'>quasi</span> <span class='ocrx_word' id='word_1_262' title='bbox 758 3980 847 4066; x_wconf 84' lang='lat' dir='ltr'>regia</span> <span class='ocrx_word' id='word_1_263' title='bbox 878 3979 1019 4045; x_wconf 71' lang='lat' dir='ltr'>aedificia</span> <span class='ocrx_word' id='word_1_264' title='bbox 1049 3986 1285 4057; x_wconf 84' lang='lat' dir='ltr'>construxerat,</span> 
     </span>
     <span class='ocr_line' id='line_1_32' title="bbox 246 4081 1286 4158; baseline 0.003 -16"><span class='ocrx_word' id='word_1_265' title='bbox 246 4099 361 4145; x_wconf 87' lang='lat' dir='ltr'>moram</span> <span class='ocrx_word' id='word_1_266' title='bbox 388 4081 537 4158; x_wconf 84' lang='lat' dir='ltr'>faciebat,</span> <span class='ocrx_word' id='word_1_267' title='bbox 561 4089 596 4147; x_wconf 86' lang='lat' dir='ltr'>ct</span> <span class='ocrx_word' id='word_1_268' title='bbox 617 4083 726 4147; x_wconf 84' lang='lat' dir='ltr'>ventri</span> <span class='ocrx_word' id='word_1_269' title='bbox 750 4087 785 4146; x_wconf 90' lang='lat' dir='ltr'>et</span> <span class='ocrx_word' id='word_1_270' title='bbox 806 4082 902 4147; x_wconf 87' lang='lat' dir='ltr'>lateri</span> <span class='ocrx_word' id='word_1_271' title='bbox 925 4082 1066 4146; x_wconf 87' lang='lat' dir='ltr'>vacabat</span> <span class='ocrx_word' id='word_1_272' title='bbox 1091 4083 1181 4147; x_wconf 91' lang='lat' dir='ltr'>omni</span> <span class='ocrx_word' id='word_1_273' title='bbox 1204 4090 1286 4150; x_wconf 81' lang='lat' dir='ltr'>tom·</span> 
     </span>
     <span class='ocr_line' id='line_1_33' title="bbox 246 4184 1284 4272; baseline 0.004 -24"><span class='ocrx_word' id='word_1_274' title='bbox 246 4203 313 4267; x_wconf 76' lang='lat' dir='ltr'>prus</span> <span class='ocrx_word' id='word_1_275' title='bbox 330 4208 433 4271; x_wconf 85' lang='lat' dir='ltr'>usque</span> <span class='ocrx_word' id='word_1_276' title='bbox 455 4186 498 4250; x_wconf 84' lang='lat' dir='ltr'>ad</span> <span class='ocrx_word' id='word_1_277' title='bbox 515 4184 751 4272; x_wconf 87' lang='lat' dir='ltr'>depositionem</span> <span class='ocrx_word' id='word_1_278' title='bbox 768 4207 868 4251; x_wconf 88' lang='lat' dir='ltr'>suam.</span> <span class='ocrx_word' id='word_1_279' title='bbox 916 4184 986 4248; x_wconf 88' lang='lat' dir='ltr'>Nos</span> <span class='ocrx_word' id='word_1_280' title='bbox 1000 4207 1088 4260; x_wconf 86' lang='lat' dir='ltr'>vcro,</span> <span class='ocrx_word' id='word_1_281' title='bbox 1104 4191 1188 4250; x_wconf 85' lang='lat' dir='ltr'>teste</span> <span class='ocrx_word' id='word_1_282' title='bbox 1206 4187 1284 4263; x_wconf 80' lang='lat' dir='ltr'>Dec,</span> 
     </span>
     <span class='ocr_line' id='line_1_34' title="bbox 246 4287 1286 4375; baseline 0.005 -27"><span class='ocrx_word' id='word_1_283' title='bbox 246 4289 326 4372; x_wconf 90' lang='lat' dir='ltr'>apud</span> <span class='ocrx_word' id='word_1_284' title='bbox 350 4287 534 4353; x_wconf 87' lang='lat' dir='ltr'>Eouesham</span> <span class='ocrx_word' id='word_1_285' title='bbox 556 4287 766 4374; x_wconf 83' lang='lat' dir='ltr'>cupiebamus</span> <span class='ocrx_word' id='word_1_286' title='bbox 796 4288 935 4352; x_wconf 84' lang='lat' dir='ltr'>saturari</span> <span class='ocrx_word' id='word_1_287' title='bbox 959 4287 999 4352; x_wconf 84' lang='lat' dir='ltr'>de</span> <span class='ocrx_word' id='word_1_288' title='bbox 1029 4288 1169 4353; x_wconf 86' lang='lat' dir='ltr'>secundo</span> <span class='ocrx_word' id='word_1_289' title='bbox 1203 4312 1286 4375; x_wconf 87' lang='lat' dir='ltr'>pane</span> 
     </span>
    </p>
   </div>
   <div class='ocr_carea' id='block_1_7' title="bbox 246 4389 1287 4559">
    <p class='ocr_par' dir='ltr' id='par_1_12' title="bbox 246 4389 1287 4559">
     <span class='ocr_line' id='line_1_35' title="bbox 246 4389 1287 4477; baseline 0.007 -26"><span class='ocrx_word' id='word_1_290' title='bbox 246 4412 333 4474; x_wconf 86' lang='lat' dir='ltr'>quem</span> <span class='ocrx_word' id='word_1_291' title='bbox 362 4391 479 4455; x_wconf 84' lang='lat' dir='ltr'>famuli</span> <span class='ocrx_word' id='word_1_292' title='bbox 503 4389 573 4476; x_wconf 82' lang='lat' dir='ltr'>ejus</span> <span class='ocrx_word' id='word_1_293' title='bbox 599 4391 819 4469; x_wconf 85' lang='lat' dir='ltr'>comedebant,</span> <span class='ocrx_word' id='word_1_294' title='bbox 846 4398 880 4456; x_wconf 88' lang='lat' dir='ltr'>et</span> <span class='ocrx_word' id='word_1_295' title='bbox 906 4413 971 4456; x_wconf 89' lang='lat' dir='ltr'>non</span> <span class='ocrx_word' id='word_1_296' title='bbox 997 4395 1067 4455; x_wconf 90' lang='lat' dir='ltr'>erat</span> <span class='ocrx_word' id='word_1_297' title='bbox 1102 4391 1158 4477; x_wconf 91' lang='lat' dir='ltr'>qui</span> <span class='ocrx_word' id='word_1_298' title='bbox 1194 4392 1287 4458; x_wconf 88' lang='lat' dir='ltr'>daret</span> 
     </span>
     <span class='ocr_line' id='line_1_36' title="bbox 246 4493 339 4559; baseline 0.075 -7"><span class='ocrx_word' id='word_1_299' title='bbox 246 4493 339 4559; x_wconf 80' lang='lat' dir='ltr'>uobis</span> 
     </span>
    </p>
   </div>
   <div class='ocr_carea' id='block_1_8' title="bbox 574 4644 768 4652">
    <p class='ocr_par' dir='ltr' id='par_1_13' title="bbox 574 4644 768 4652">
     <span class='ocr_line' id='line_1_37' title="bbox 574 4644 768 4652; baseline 0 0"><span class='ocrx_word' id='word_1_300' title='bbox 574 4644 768 4652; x_wconf 50' lang='grc' dir='ltr'>-ψ</span> 
     </span>
    </p>
   </div>
   <div class='ocr_carea' id='block_1_9' title="bbox 539 4720 979 4794">
    <p class='ocr_par' dir='ltr' id='par_1_14' title="bbox 539 4720 979 4794">
     <span class='ocr_line' id='line_1_38' title="bbox 539 4720 979 4794; baseline 0.002 -16"><span class='ocrx_word' id='word_1_301' title='bbox 539 4720 545 4757; x_wconf 81' lang='lat'><strong>¹</strong></span> <span class='ocrx_word' id='word_1_302' title='bbox 558 4724 717 4794; x_wconf 75' lang='lat' dir='ltr'>obedientias]</span> <span class='ocrx_word' id='word_1_303' title='bbox 730 4726 912 4792; x_wconf 83' lang='lat' dir='ltr'>obcdicicntias,</span> <span class='ocrx_word' id='word_1_304' title='bbox 924 4726 979 4780; x_wconf 76' lang='lat' dir='ltr'>MS.</span> 
     </span>
    </p>
   </div>
   <div class='ocr_carea' id='block_1_10' title="bbox 0 0 1663 5656">
    <p class='ocr_par' dir='ltr' id='par_1_15' title="bbox 0 0 1663 5656">
     <span class='ocr_line' id='line_1_39' title="bbox 0 0 1663 5656; baseline 0 0"><span class='ocrx_word' id='word_1_305' title='bbox 0 0 1663 5656; x_wconf 95' lang='lat' dir='ltr'> </span> 
     </span>
    </p>
   </div>
  </div>
 </body>
</html>
