3264 5662
377 857 581 908 OEBONICON
603 857 763 906 ABBATIAE
787 858 833 906 DE
856 858 1024 909 EVESHAM.
1164 847 1224 911 131

168 1048 253 1114 surii
275 1047 382 1112 nostri
404 1069 425 1111 a
447 1045 592 1110 Domino
623 1044 778 1110 infatuati
810 1046 980 1112 nobiscum
1001 1048 1071 1114 sine
1094 1048 1229 1116 distinc-
1282 1051 1352 1104 Ab.

170 1152 265 1218 tione
288 1148 388 1215 simul
410 1153 445 1214 et
467 1148 567 1214 semel
590 1148 626 1212 in
649 1151 789 1233 utruque
801 1148 927 1233 judicio
942 1149 1036 1215 litem
1052 1152 1228 1217 contestati
1267 1125 1372 1172 12044·
1392 1223 1394 1226 ,

172 1259 267 1331 sunt,
290 1251 476 1339 gaudentes
496 1256 633 1338 propter
664 1250 733 1316 litis
766 1252 1040 1317 contestationem
1074 1259 1109 1320 et
1140 1255 1230 1341 cupi·

171 1363 268 1423 entes
290 1375 486 1441 quocunque
508 1352 616 1430 modo,
631 1357 671 1418 ut
693 1354 793 1419 moris
815 1359 867 1419 est
888 1358 1044 1433 actorum,
1059 1357 1229 1443 pervenire

171 1457 218 1523 ad
250 1478 332 1524 eam.
393 1456 502 1536 Quare
536 1455 764 1521 indifferenter
794 1460 897 1522 testes
928 1461 963 1522 et
993 1456 1126 1524 mixtim
1160 1466 1230 1524 tam

173 1582 275 1648 super
296 1559 497 1647 proprietate
519 1580 619 1645 quam
641 1559 844 1645 possessione
865 1559 1000 1625 admissi
1022 1567 1110 1642 sunt,
1126 1562 1229 1641 etsie,

174 1663 250 1729 Deo
271 1662 475 1750 disponente,
501 1683 599 1727 musa
629 1661 841 1748 proprietatis
872 1683 947 1728 cum
979 1685 1078 1729 causa
1109 1687 1232 1752 posses·

173 1766 280 1832 sionis
302 1765 461 1831 citissime
483 1764 555 1830 sine
577 1765 667 1829 omni
689 1763 849 1830 dilatione
880 1769 916 1830 et
950 1764 1143 1833 difficultate
1175 1789 1232 1833 ex-

174 1868 330 1934 aminata
352 1872 411 1933 est
458 1865 541 1933 Haec
564 1865 639 1932 ideo
654 1866 749 1931 vobis
771 1866 913 1932 dixerim
928 1869 1007 1954 quia
1029 1869 1058 1934 si
1080 1869 1233 1936 adversa·

175 1971 249 2036 rius
282 1974 398 2036 noster
430 1991 509 2034 usus
543 1968 659 2034 fuisset
693 1969 828 2034 consilio
860 1970 950 2058 legis,
981 1973 1073 2059 prius
1110 1973 1233 2059 egisset

174 2094 310 2141 cauum
331 2070 552 2160 possessionis,
570 2077 605 2138 ct
620 2075 737 2137 nactus
761 2072 996 2157 possessionem
1021 2075 1233 2162 compulisset

174 2197 240 2243 nos
260 2174 304 2240 ad
325 2195 426 2240 onera
448 2173 681 2260 probationum
704 2172 741 2238 in
763 2195 861 2240 causa
882 2175 1107 2263 proprietatis,
1129 2178 1233 2243 etsie

175 2282 215 2344 in
239 2278 337 2365 longa
357 2282 507 2364 temmra
529 2275 711 2342 deferretur
732 2276 935 2342 examinatio
965 2299 1071 2344 causac
1105 2279 1235 2365 propri·

174 2381 289 2461 atatis,
312 2385 347 2446 et
370 2380 540 2466 episcopus
562 2377 698 2458 diutius,
723 2379 825 2444 immo
848 2378 934 2444 forte
956 2382 1119 2466 usquein
1142 2381 1235 2446 hodi-

174 2504 296 2550 ernum
317 2482 414 2560 diem,
430 2481 564 2569 gavisus
587 2486 674 2547 esset
695 2481 907 2567 possessione,
922 2482 1009 2548 sicut
1030 2504 1091 2548 nos
1112 2482 1234 2569 gaude·

175 2608 255 2652 mus
276 2585 318 2651 de
339 2583 542 2672 possessione
560 2582 804 2669 jurisdictionis
826 2584 933 2662 vallis,
964 2586 1130 2671 praedictae
1152 2585 1236 2673 legis

175 2689 234 2754 usi
256 2687 399 2754 consilio.
445 2683 558 2772 Igitur
591 2707 694 2772 quum
721 2692 862 2751 ventum
896 2693 982 2752 esset
1013 2687 1056 2752 ad
1090 2687 1236 2775 publicar

175 2792 307 2858 tionem
328 2789 592 2866 attestationum,
615 2794 697 2853 tuuc
730 2788 837 2875 primo
870 2789 1032 2855 recordati
1066 2797 1145 2856 sunt
1178 2790 1236 2855 ad·

177 2893 320 2959 versarii
341 2893 448 2958 nostri
471 2890 562 2977 quod
585 2891 689 2956 stulte
711 2892 848 2978 egerint,
871 2896 906 2957 et
928 2899 1113 2978 quaerentes
1148 2892 1236 2979 quod

171 2995 305 3083 judices
327 2994 535 3081 publicarent
556 2999 691 3059 tantum
706 2993 938 3060 attestationes
961 2995 1001 3061 de
1024 2997 1235 3082 possessione,

176 3098 256 3164 illas
278 3118 356 3162 vero
378 3097 419 3161 de
440 3096 641 3182 proprietate
666 3101 826 3181 tegerent,
850 3097 944 3163 nobis
978 3099 1236 3164 reclamantibus

177 3222 226 3267 ne
240 3200 301 3265 hoc
315 3199 419 3275 fieret,
433 3198 535 3262 immo
551 3197 705 3262 omnibus
721 3198 895 3284 publicatis
917 3200 1015 3264 simul
1039 3205 1181 3285 utraque
1194 3200 1236 3266 lis

176 3307 289 3369 marte
309 3322 369 3366 suo
392 3297 661 3378 discerneretur,¹
678 3299 900 3386 allegantibus
923 3303 1024 3366 etiam
1047 3303 1143 3367 nobis
1166 3302 1236 3368 haec
1248 3312 1304 3363 The
1316 3329 1370 3377 pre-

178 3408 256 3475 fieri
277 3429 344 3472 non
366 3427 470 3493 posse,
494 3406 573 3491 quia
596 3406 646 3470 ita
667 3406 856 3472 commixtae
879 3413 976 3472 erant
1005 3407 1236 3473 attestationes
1248 3380 1391 3498 ffissgffi

179 3510 273 3599 quod
294 3529 502 3595 nequaquam
526 3506 597 3572 sine
619 3507 811 3594 praejudicio
842 3513 877 3573 et
908 3509 1097 3576 discrimine
1131 3510 1236 3598 partis
1248 3513 1291 3594 tha
1302 3515 1385 3580 abbey

180 3619 307 3679 nostre
329 3611 412 3697 quin
434 3609 554 3696 aliquae
575 3609 782 3697 publicandae
813 3615 1005 3698 tegerentur
1027 3618 1062 3678 et
1085 3613 1235 3700 tegendae
1247 3581 1405 3712 fflfffflptf

179 3715 432 3805 publicarentur
453 3717 609 3800 poterant
630 3713 774 3799 separari
788 3714 935 3799 ;-quasi
970 3716 1236 3804 impossibilitate
1249 3714 1299 3764 *Μ
1311 3715 1365 3763 *¹¹²²

181 3816 356 3905 separandi
373 3816 550 3891 constricti,
566 3836 678 3879 omnes
693 3816 948 3901 publicaverunt
963 3842 972 3897 ;
988 3825 1021 3883 et
1036 3820 1083 3884 sic
1096 3825 1237 3905 utraque
1250 3781 1330 3912 p‘fytpp
1340 3780 1405 3898 gp-

183 3942 285 3987 causa
305 3918 404 3984 simul
426 3918 617 3983 examinata
639 3922 699 3994 est,
724 3922 758 3982 et
781 3919 971 4005 adjudicata
1003 3926 1053 3986 est
1087 3923 1238 4008 episcopo
1251 3915 1340 4030 {22⁰3
1353 3916 1405 4030 ²31¹

183 4022 352 4089 restitutio
374 4021 481 4108 plenae
498 4019 739 4105 jurisdictionis
771 4021 806 4085 in
841 4043 901 4086 nos
934 4028 969 4087 et
999 4023 1237 4087 monasterium
1251 3997 1398 4108 serug&

185 4131 344 4191 nostrum
406 4122 512 4188 Nobis
543 4144 626 4188 vero
661 4124 821 4209 possessio
854 4124 960 4210 plenae
996 4124 1238 4210 jurisdictionis
1251 4114 1400 4232 ξζοὲξῑῖω

185 4227 284 4292 vallis
315 4224 420 4291 totius
442 4230 611 4292 reservata
642 4232 701 4304 est,
733 4231 768 4290 et
800 4225 943 4291 absoluti
977 4247 1090 4291 sumus
1112 4226 1154 4290 ab
1176 4226 1237 4290 im·
1250 4218 1400 4312 ym'smm

187 4330 346 4418 petitione
369 4328 513 4415 episcopi
535 4326 572 4392 in
594 4328 787 4414 possessorio
806 4327 932 4414 judicio
948 4328 987 4393 de
1005 4327 1237 4413 jurisdictione
1249 4315 1408 4432 &nectant

187 4432 392 4499 ecclesiarum
415 4430 530 4510 vallis3
552 4437 587 4495 et
609 4431 728 4495 missus
751 4437 802 4495 est
835 4431 1003 4517 episcopus
1038 4431 1073 4494 in
1105 4431 1237 4517 plenam
1250 4448 1399 4499 osthcsuit.

574 4615 585 4620 v.
594 4615 603 4620 -
614 4614 689 4621 -.-..
698 4615 706 4620 .
725 4616 728 4619 .
746 4614 956 4621 .——-..-——---

222 4721 427 4787 'discernerersd
459 4720 523 4771 This
539 4723 617 4784 word,
636 4722 741 4774 omitted
766 4730 792 4772 at
808 4721 864 4772 first
881 4722 909 4772 in
927 4723 971 4773 the
988 4729 1044 4773 text
1059 4723 1110 4773 and
1127 4721 1238 4773 inserted

188 4802 214 4852 in
226 4802 267 4854 the
277 4800 387 4869 msrgin,
399 4800 421 4852 is
431 4800 554 4852 doubtful.

1024 4899 1036 4946 1
1061 4885 1081 4946 2
1106 4907 1144 4940 ⁴-
