3270 5656
492 794 692 846 cnuomcou
715 792 873 843 sanusne
895 793 942 842 ne
964 791 1135 842 evrsnsu.
1290 777 1329 839 51

287 967 393 1033 sancti
431 967 682 1034 misericordiam
729 967 930 1055 expetiisset,
968 967 1049 1032 adeo
1101 965 1242 1052 quadam
1279 963 1333 1028 die
1389 969 1459 1025 Aa).

289 1091 383 1134 tuam
422 1070 580 1156 pietatem
613 1070 784 1157 magnifiee
825 1070 1003 1136 declaravit
1045 1068 1258 1155 Omnipotens
1294 1071 1334 1131 ut
1353 1043 1490 1090 mmm·

290 1175 386 1237 tanta
414 1172 451 1235 vi
472 1171 593 1239 fenum
622 1173 665 1238 ab
688 1174 818 1238 infirmo
840 1173 1018 1238 excusserit
1047 1171 1134 1258 quod
1163 1170 1292 1256 longius
1314 1192 1335 1233 a

290 1274 421 1359 propria
435 1274 510 1339 sede
525 1275 670 1340 resiliens
688 1281 791 1340 totam
812 1275 978 1341 ecclesiam
994 1274 1153 1339 tinnitum
1168 1271 1333 1338 intentam

290 1375 478 1455 reddiderit,
508 1378 634 1442 cunctis
663 1378 721 1463 qui
751 1378 888 1443 aderaut
926 1376 1123 1441 mirantibus
1161 1379 1195 1440 et
1225 1372 1333 1439 Deum

290 1499 359 1540 una
379 1476 562 1544 dulcimode
586 1480 806 1556 laudantibus,
833 1479 898 1559 Qui
917 1483 1013 1544 tanta
1039 1482 1167 1543 ettam
1193 1477 1277 1542 mira
1298 1476 1333 1540 in

288 1579 410 1645 sanctis
431 1585 466 1646 et
487 1602 546 1667 per
571 1586 700 1648 sanctos
722 1602 798 1647 suos
820 1580 1031 1647 manifestare
1054 1579 1213 1666 dignatur
1235 1578 1334 1645 mirer

290 1680 372 1746 cula

292 1999 447 2083 malim
461 2003 679 2093 Sperekolfoe
705 2005 890 2073 menuctus
905 2005 995 2072 otuu
1026 2005 1158 2073 beatem
1179 2003 1335 2072 Martem

561 2107 660 2194 opud
682 2107 845 2175 docebam
866 2107 909 2174 to
932 2112 1068 2195 cryptis.

335 2255 386 2322 Ea
422 2262 617 2346 tempestate
654 2260 840 2325 solemnitas
877 2261 981 2326 saneti
1012 2259 1162 2346 Ecgwini
1193 2258 1337 2323 maxima
1349 2272 1442 2324 vision
1453 2273 1485 2322 or

290 2380 367 2423 cum
389 2361 598 2427 veneratione
622 2361 946 2428 honorificentissime
969 2361 1201 2438 celebrabatur,
1223 2340 1502 2471 populiffiffiffg

289 2461 392 2527 ctiam
429 2461 608 2528 multitudo
634 2463 785 2529 certatim
811 2462 976 2541 affluebat,
1006 2465 1121 2550 ingens
1150 2467 1478 2550 apparatusmsssina

291 2563 439 2629 maxima
463 2563 656 2651 frequentia,
684 2566 812 2653 copiosa
840 2565 962 2632 laetitia
983 2566 1054 2652 pari
1085 2565 1181 2630 modo
1218 2563 1336 2629 renite
1349 2549 1449 2621 θηρὶ·.

291 2663 381 2730 bant
426 2666 511 2732 Tum
526 2667 642 2754 globus
668 2666 899 2732 monachorum
927 2667 1059 2733 aliunde
1086 2666 1337 2733 adventantium

291 2788 360 2831 non
398 2767 534 2834 minimo
564 2769 671 2835 decori
701 2770 801 2835 fuisse
829 2770 968 2856 privatis
1000 2769 1185 2835 videbatur.
1245 2766 1339 2833 Inter

291 2890 376 2954 quos
390 2870 524 2956 quidam
539 2871 707 2958 religiosus
730 2878 765 2938 et
787 2872 883 2938 valde
906 2871 1101 2937 venerabilis
1127 2872 1207 2938 vitre
1227 2891 1338 2934 mona

292 2971 375 3035 chus
405 2970 643 3050 Coventrensis,
681 2974 814 3039 nomine
852 2973 1073 3060 Sperckrdfus,
1110 2973 1226 3039 solitus
1264 2976 1338 3036 erat

292 3073 527 3138 monasterium
550 3077 654 3140 sancti
670 3075 887 3160 frequentare,
903 3076 938 3139 in
963 3083 1150 3141 sanctorum
1177 3075 1338 3139 festivita

292 3175 385 3238 tibus
407 3174 572 3251 advenire,
595 3176 712 3241 altaria
735 3177 878 3256 circuire,
908 3177 944 3241 in
974 3177 1176 3242 orationibus
1207 3195 1339 3262 pernoc-

293 3282 375 3352 tare,
391 3275 593 3342 lucubranda
609 3279 756 3342 annuum
772 3279 921 3364 supernis
936 3279 1145 3356 intendendo,
1160 3277 1339 3341 matutinos

292 3383 411 3442 mutus
433 3400 508 3444 cum
535 3379 715 3465 psalmodia
736 3381 974 3466 praeveniendo,
998 3380 1192 3445 omnimodis
1223 3378 1340 3443 devoto

294 3479 432 3566 agendo,
457 3479 521 3544 Dei
543 3481 606 3545 sibi
632 3481 884 3547 misericordiam
915 3488 1070 3568 cooptare.
1115 3481 1149 3545 Is
1180 3503 1282 3567 quum
1304 3480 1340 3545 iu

291 3581 435 3666 (lundam
451 3581 555 3646 sancti
571 3580 720 3669 Ecgwini
731 3583 914 3649 festivitate
936 3583 1032 3649 solito
1048 3604 1137 3648 more
1152 3582 1339 3662 adveniens,

293 3682 501 3748 nocturnales
523 3682 663 3770 hymnos
679 3685 714 3748 in
737 3686 858 3771 vigiliis
874 3708 947 3750 cum
970 3686 1150 3772 psalmodia
1164 3685 1339 3772 persistens

292 3790 543 3871 prrcoecuparet
560 3785 595 3850 in
623 3792 738 3872 crypta
762 3787 833 3852 Deo
856 3793 1032 3874 sanctoque
1048 3786 1207 3875 Ecgwino
1230 3808 1338 3852 consc-

292 3891 386 3952 crata
416 3907 481 3973 quo
508 3892 581 3953 tum
619 3888 681 3953 rite
715 3888 878 3955 solitarius
913 3889 1086 3966 residebat,
1116 3888 1339 3954 admirabilem

291 3989 453 4053 visionem
469 3991 645 4076 conspexit.
692 3990 725 4055 N
727 4013 780 4055 am
796 4014 897 4077 quum
913 3991 1104 4056 Daviticum
1120 3991 1283 4056 canticum
1299 4011 1341 4054 ex

292 4089 410 4156 ordine
439 4090 591 4157 devotius
620 4093 809 4170 revolveret,
834 4093 921 4157 vidit
945 4094 1048 4180 primo
1078 4092 1193 4156 limina
1215 4096 1340 4177 cryptae

292 4192 412 4258 divina
426 4192 558 4278 virtute*
575 4193 707 4272 recludi,
734 4194 851 4260 dehinc
877 4193 1038 4280 paulatim
1061 4193 1195 4258 domum
1217 4192 1253 4256 in
1276 4214 1342 4278 qua

291 4292 430 4360 sedebat
446 4316 587 4382 superno
602 4295 726 4362 lumine
742 4295 931 4374 illucescere,
948 4296 1080 4361 demum
1103 4294 1341 4383 quamplurimo

292 4396 420 4483 fulgore
459 4396 571 4482 ejectis
601 4397 746 4463 tenebris
777 4398 934 4463 irradiari.
996 4397 1171 4482 Quumque
1201 4396 1244 4461 ad
1281 4395 1341 4463 hoo

292 4496 520 4587 spectaculum
536 4500 672 4564 territus
687 4500 834 4565 animum
850 4506 884 4566 et
907 4522 975 4566 una
990 4499 1097 4565 oculos
1120 4499 1341 4581 convertisset,

291 4623 366 4666 eece
391 4601 551 4688 eonspicit
577 4603 812 4687 processionem
836 4625 936 4690 quam
959 4603 1135 4667 maximam
1157 4604 1342 4667 sanctorum

289 4703 472 4792 spirituum
495 4703 737 4787 advenientem,
759 4727 833 4791 quse
863 4706 1008 4770 maxima
1032 4702 1277 4792 pulchritudino
1306 4727 1344 4770 ae

1143 4837 1168 4886 n
1190 4821 1212 4884 2
