3264 5662
590 812 773 862 Asrnunix.
1140 797 1204 865 999

202 998 293 1063 Huic
327 998 481 1063 successit
511 998 674 1063 Ricardus
705 997 881 1075 Pcnbrok,¹
915 997 1030 1063 doctor
1055 997 1205 1086 inceptor
1260 1008 1329 1060 An.

156 1103 193 1166 in
207 1101 384 1187 theologia,
400 1100 523 1167 clectus
538 1122 618 1166 voce
640 1102 744 1166 totius
759 1106 941 1168 conventus
964 1123 1053 1167 anno
1068 1102 1205 1168 Domini
1219 1080 1369 1128 ¹⁴⁶⁰'¹⁶¹⁴·

158 1207 254 1281 1460,
284 1204 382 1268 tertio
412 1203 466 1268 (116
497 1203 620 1282 Martii,
648 1203 707 1289 qui
730 1204 773 1269 ab
798 1203 1029 1270 Herefordensi
1052 1205 1204 1291 episcopo

155 1306 347 1372 benedictus
370 1306 442 1370 fuit.
480 1306 620 1371 Praefuit
650 1308 849 1373 monasterio
879 1308 975 1373 annis
1004 1314 1137 1395 septem,
1169 1315 1204 1374 ct

155 1408 240 1473 obiit
275 1408 414 1494 septimo
450 1408 502 1473 616
534 1407 625 1489 Μ611,
649 1430 736 1474 anno
767 1408 904 1475 Domini
935 1409 1023 1479 1467
1053 1418 1088 1478 66
1117 1411 1203 1498 regis

157 1509 316 1575 Edwardi
339 1509 399 1576 IV.
421 1511 570 1596 septimo.

200 1612 291 1678 Huic
313 1614 465 1677 successit
496 1613 657 1678 Ricardus
688 1612 930 1700 Hauskysbcry
959 1614 1058 1702 prior,
1081 1616 1203 1681 electus

156 1736 243 1780 anno
282 1714 417 1780 Domini
456 1713 556 1793 1467,
594 1715 820 1781 bencdictione
861 1716 904 1782 ab
941 1717 1091 1804 episcopo
1124 1717 1204 1782 Lin-

157 1817 315 1883 colniensi
337 1823 495 1904 suscepta,
512 1820 531 1883 6
555 1817 701 1904 Augusti
723 1817 882 1904 (quitum
897 1823 969 1885 crat
985 1819 1055 1886 dics
1070 1819 1201 1905 Martis)

158 1925 207 1985 cst
228 1919 427 1985 installatus.
484 1919 595 2006 Hujus
624 1924 772 2005 tempore
795 1925 965 2008 magnates
987 1923 1204 1988 convolanmt

157 2021 237 2087 adeo
267 2020 453 2108 frequenter
490 2021 533 2086 ad
568 2021 804 2087 monasterium
842 2029 881 2088 ut
918 2046 984 2089 non
1022 2022 1204 2091 6616661666ς

157 2123 313 2189 redditus.
359 2124 478 2209 Itaque
500 2124 736 2189 monasterium
751 2146 816 2191 aare
831 2108 938 2191 alieno
953 2126 1134 2214 obligatum
1156 2148 1207 2192 re·

158 2225 255 2311 liquit
270 2227 314 2290 ad
329 2248 493 2290 summam
507 2225 599 2292 mille
614 2248 800 2291 marcarum
815 2249 915 2312 quam
930 2249 1127 2295 successores
1141 2228 1207 2293 sol-

158 2350 233 2394 vere
255 2334 454 2419 cogerentur.
500 2328 640 2395 Praefuit
663 2330 758 2394 annis
781 2329 916 2412 decem;
938 2332 1022 2397 obiit
1045 2330 1207 2418 6Apn'lis

158 2453 243 2498 anno
268 2432 403 2497 Domini
428 2430 523 2510 1477,
546 2455 633 2499 6666
656 2432 815 2498 Edwardi
838 2433 896 2500 IV.
919 2434 1168 2522 septendecimo.

202 2535 292 2601 Huic
324 2537 477 2601 successit
507 2536 706 2601 Williclmus
737 2536 864 2623 Upton,
896 2537 1075 2604 monachus
1108 2537 1208 2623 hujus

159 2639 273 2704 domus
288 2644 323 2704 et
338 2640 427 2726 prior
442 2639 482 2705 de
497 2639 670 2718 Alcestria,
689 2642 731 2703 18
752 2639 805 2705 die
819 2639 955 2727 Aprilis,
969 2662 1056 2706 anno
1070 2640 1207 2705 Domini

164 2742 258 2820 1477,
283 2742 342 2827 qui
357 2743 520 2829 reperiens
543 2742 781 2807 monasterium
808 2747 984 2829 gravatum
1008 2764 1072 2810 aero
1101 2742 1209 2808 alieno

159 2844 201 2910 ad
220 2866 381 2910 summam
404 2846 493 2911 mille
515 2845 686 2927 librarum,
708 2845 858 2911 solvebat
868 2851 987 2911 totum.
1033 2845 1099 2911 Hic
1113 2845 1209 2932 quin-

160 2969 221 3032 que
243 2953 375 3013 tantum
398 2948 493 3011 annis
519 2948 660 3034 praefuit,
683 2953 831 3012 mortuus
853 2970 940 3013 anno
958 2948 1095 3014 Domini
1111 2951 1208 3026 1483,

164 3052 199 3113 11
218 3049 272 3114 die
295 3051 448 3136 Augusti,
472 3072 559 3115 anno
583 3049 741 3115 Edwardi
765 3049 823 3116 IV.
846 3050 1171 3117 vicesimosecundo.

203 3151 293 3217 Huic
308 3153 460 3217 successit
474 3151 498 3216 J
500 3174 621 3217 oannes
634 3152 774 3232 Norton,
790 3153 880 3239 prior
894 3153 1084 3231 claustralis,
1096 3155 1116 3217 4
1128 3152 1208 3239 Sep

160 3255 295 3320 tembris
318 3277 406 3320 anno
429 3254 564 3320 Domini
589 3259 686 3336 1483,
710 3256 845 3321 Ricardi
875 3255 941 3322 III.
980 3257 1095 3343 primo.
1141 3255 1208 3320 Hic

160 3359 354 3443 providebat
375 3363 414 3424 ut
435 3359 470 3424 in
493 3360 547 3424 dic
578 3360 796 3425 anniversarii
825 3360 878 3425 sui
899 3359 1121 3446 unusquisque
1143 3357 1207 3422 fra·

161 3467 249 3526 trum
267 3463 390 3549 viginti
411 3464 562 3529 denarios
590 3463 767 3550 [haberet],
791 3467 825 3528 et
847 3467 888 3529 ut
910 3462 1027 3528 fratres
1049 3462 1208 3527 haberent

161 3586 261 3628 unam
287 3565 418 3628 damam
449 3587 492 3629 ex
514 3566 685 3630 damnaria
707 3566 748 3630 de
779 3565 930 3633 Offeham
964 3566 1011 3650 (et
1041 3564 1207 3629 1666616-

159 3666 279 3753 pliavit
312 3689 445 3753 parcum
472 3667 513 3732 de
551 3667 750 3756 Offenham),
780 3689 854 3732 cum
887 3668 966 3732 vino
997 3667 1038 3733 de
1075 3665 1207 3732 cellario

158 3768 294 3834 abbatis
342 3769 479 3836 Praefuit
501 3772 596 3837 annis
618 3776 692 3835 octo
704 3796 713 3850 ;
735 3771 818 3835 obiit
840 3792 927 3835 anno
950 3769 1087 3834 Domini
1111 3771 1206 3846 1491,

161 3873 303 3938 secundo
326 3873 379 3938 die
401 3873 495 3951 Julii,
518 3895 607 3938 anno
630 3873 768 3937 Hemici
791 3872 870 3938 VII.
894 3871 1042 3958 septimo.

206 3975 296 4040 Huic
311 3977 462 4042 successit
477 3976 619 4042 Thomas
635 3976 797 4053 Neubold,
812 3975 996 4040 cellerarius
1010 3972 1208 4051 monasterii,

161 4101 247 4144 anno
264 4078 401 4144 Henrici
423 4079 502 4144 VII.
526 4078 676 4167 septimo,
702 4082 745 4143 18
768 4077 862 4156 Julii,
887 4078 982 4155 1491,
999 4075 1208 4163 abepiscopo

163 4179 397 4248 Herefordcnsi
426 4187 638 4249 consecratus.
699 4180 837 4248 Praefuit
865 4179 961 4244 annis
990 4177 1113 4266 viginti
1143 4178 1210 4244 duo

161 4291 194 4351 et
219 4285 316 4366 ultra,
341 4293 375 4351 et
400 4309 484 4351 armo
512 4285 646 4351 Domini
675 4288 762 4351 1514
790 4290 939 4350 mortuus
963 4287 1014 4348 est
1039 4287 1134 4347 sexto
1156 4281 1210 4346 dia

164 4388 362 4454 Decembris.

195 4589 338 4638 ¹Almoner
371 4589 398 4638 in
432 4595 510 4648 14183
546 4590 665 4639 ordained
707 4585 1012 4647 Dec.1428;ordained
1040 4585 1142 4645 dcacon,
1172 4587 1202 4632 1⁵

165 4670 262 4733 acolyte
282 4671 332 4718 and
348 4670 488 4720 subdeacon
504 4671 539 4734 by
557 4668 665 4719 Richard
708 4669 769 4719 Feb.
803 4671 874 4717 1499.
901 4666 975 4716 Titus
984 4664 1013 4716 C.
1023 4663 1058 4715 ix.
1071 4663 1097 4713 n
1112 4668 1134 4723 l,
1146 4666 1178 4712 3³
1187 4661 1212 4711 b.

165 4748 302 4816 [Belmer],
324 4748 414 4813 bishop
439 4750 468 4800 os
489 4748 612 4813 Achonry
634 4755 664 4800 18
740 4746 896 4814 'sufficercq
909 4746 1041 4805 sufficerat,
1050 4745 1107 4796 MS.

1013 4833 1083 4897 62
