3270 5656
420 782 620 832 cnsourcou
644 781 800 830 arsamis
824 781 870 827 ns
893 777 1062 827 svsssru.
1201 760 1264 828 127

219 958 294 1021 forti
324 963 366 1020 ut
403 957 634 1042 possessionem
668 955 783 1019 asserti
818 958 1045 1038 recuperarent
1076 956 1111 1015 et
1142 951 1265 1014 factum
1279 967 1432 1017 A.D.1aoa.

219 1058 348 1123 abbatis
386 1059 557 1123 salvarent.
625 1057 680 1121 Ad
718 1057 778 1120 hoc
815 1057 901 1120 enim
934 1077 1059 1139 semper
1095 1053 1267 1118 nitebatur

220 1161 328 1238 abbas,
351 1167 391 1225 ut
418 1162 458 1226 de
493 1161 632 1226 ecclesiis
666 1165 705 1244 etv
733 1158 988 1245 possessionibus
1022 1156 1164 1222 ecelesiae
1195 1155 1265 1220 sine

222 1263 353 1328 consilio
377 1269 488 1328 nostro
512 1287 569 1349 pro
591 1262 762 1327 voluntate
785 1284 845 1325 sua
868 1265 975 1347 posset
998 1259 1174 1345 disponere.
1221 1259 1266 1322 Et
1281 1274 1374 1325 Marla-

222 1387 322 1450 quum
345 1365 490 1429 audisset
512 1365 612 1429 abbas
636 1387 710 1449 quse
725 1364 862 1428 feceram
886 1362 1182 1427 excommunicavit
1205 1382 1265 1435 me,
1279 1344 1374 1473 Εὲζξξὲ

222 1473 255 1531 ct
278 1489 380 1553 quum
404 1469 607 1554 cognovisset
630 1466 717 1552 quod
741 1488 843 1530 essem
860 1465 1037 1551 Wigorniae
1053 1465 1185 1549 gavisus
1208 1468 1267 1537 est,
1280 1479 1397 1526 oeenex-

223 1577 255 1634 et
278 1570 466 1635 observavit
495 1575 604 1655 portas
638 1569 784 1633 civitatis
819 1574 858 1632 ut
891 1589 943 1631 me
974 1565 1265 1652 comprehenderet.
1280 1557 1424 1675 ffiffi'by

224 1671 287 1736 Sed
309 1693 370 1758 ego
392 1695 459 1737 non
488 1693 642 1736 veneram
676 1676 715 1735 ut
746 1671 890 1755 fugerem
922 1669 979 1734 sed
1002 1674 1041 1733 ut
1064 1691 1106 1733 ex
1131 1667 1267 1732 adverso
1280 1677 1416 1756 desetor,

224 1778 351 1850 starem,
375 1780 409 1839 et
433 1796 532 1859 quum
555 1775 718 1838 stetissem
742 1794 849 1836 coram
877 1771 1076 1855 justiciariis,
1099 1776 1133 1834 et
1167 1768 1267 1833 abbas
1281 1744 1416 1876 ffyffidat

225 1897 264 1940 ex
285 1877 422 1941 adverso
454 1899 526 1940 cum
557 1875 730 1941 senescallo
761 1873 915 1958 objiciens
948 1874 1031 1937 milri
1063 1872 1149 1958 quod
1180 1894 1268 1937 eram
1282 1879 1429 1935 worcester,

224 1979 531 2054 excommunicatus,
567 1984 639 2042 orta
669 1983 718 2041 est
749 1976 904 2040 dissensio
941 1977 1029 2040 inter
1069 1975 1269 2060 justiciarios
1283 1945 1435 2061 ffiffl‘d

225 2086 335 2144 utrum
366 2079 515 2145 deberem
545 2079 678 2143 admitti
701 2085 814 2143 contra
835 2077 995 2153 abbatem,
1011 2084 1045 2142 et
1068 2078 1162 2141 nobis
1184 2098 1269 2142 reee—
1283 2079 1426 2157 hiswayto

188 2216 191 2223 ·
226 2181 379 2246 dentibus
418 2187 457 2245 ut
494 2203 591 2268 super
623 2182 684 2246 hoc
721 2181 1008 2245 interlocutionem
1047 2181 1270 2266 reciperemus
1283 2160 1374 2209 prison.

227 2283 303 2348 data
333 2290 384 2349 est
429 2284 638 2349 interlocutio
679 2289 794 2349 contra
827 2305 887 2359 me,
919 2282 1082 2358 videlicet,
1118 2306 1169 2347 me
1204 2304 1271 2346 non

228 2385 343 2450 habere
366 2408 535 2471 personam
559 2386 669 2451 standi
684 2386 721 2450 in
738 2385 864 2471 judicio
880 2385 957 2470 quia
972 2385 1271 2449 excommunicatus

227 2510 320 2552 eram.
367 2489 413 2553 Et
427 2494 508 2553 tuno
522 2488 767 2576 comprehendit
782 2511 834 2551 me
849 2486 949 2551 abbas
965 2508 1057 2550 meus
1071 2491 1110 2551 ut
1125 2487 1272 2550 mitteret

229 2612 277 2654 me
300 2591 334 2653 in
358 2612 515 2655 carcerem
538 2591 626 2677 apud
649 2590 896 2664 Ambresleiam,
919 2595 953 2654 et
976 2589 1136 2654 occideret
1158 2611 1210 2653 me
1232 2594 1272 2653 ut

229 2693 403 2757 credebam.
451 2693 542 2758 Idem
558 2695 646 2758 enim
662 2693 782 2758 fecerat
797 2692 964 2756 monachis
980 2691 1272 2757 Oantuariensibus

230 2799 262 2859 et
283 2794 413 2859 cuidam
436 2795 560 2859 homini
590 2801 704 2861 nostro
727 2795 915 2881 Augustino
946 2794 986 2858 de
1013 2793 1142 2858 Salford
1174 2816 1270 2879 quem

230 2896 316 2961 duris
339 2897 535 2962 cruciatibus
550 2898 675 2973 occidit,
691 2903 725 2961 et
746 2898 820 2961 ideo
843 2897 948 2983 magis
963 2897 1069 2972 timui,
1079 2918 1272 2982 cognoscens

231 3000 295 3083 ejus
318 3000 538 3084 tyrannidem.
586 3000 630 3064 Et
653 3022 754 3086 quum
786 3000 849 3063 iter
879 3020 1008 3084 agerem
1039 3021 1113 3062 cum
1143 2999 1183 3062 iis
1215 3000 1271 3084 qui

232 3101 393 3166 ducebant
422 3123 481 3178 me,
504 3124 575 3166 ecce
604 3103 713 3166 subito
744 3106 968 3188 apparuerunt
990 3101 1072 3164 mihi
1094 3107 1161 3165 tres
1191 3124 1272 3187 prae·

233 3205 307 3269 dicti
330 3207 395 3268 viri
418 3207 565 3291 magistri
588 3206 652 3270 mei
675 3207 711 3269 in
725 3207 781 3269 via
796 3229 862 3290 qua
876 3205 1094 3284 ambulabam,
1110 3210 1144 3268 et
1159 3206 1272 3269 statim

233 3307 510 3372 circumdederunt
549 3331 601 3371 me
632 3314 666 3373 et
695 3308 919 3373 liberaverunt
955 3330 1006 3371 me
1044 3306 1084 3370 de
1123 3307 1273 3370 manibus

234 3431 350 3485 eorum,
366 3409 598 3474 denunciantes
614 3432 667 3474 eos
687 3411 988 3475 excommunicatos.
1037 3409 1185 3488 Quorum
1208 3414 1274 3474 tres

235 3519 335 3576 morte
366 3512 475 3575 subita
503 3513 677 3598 perierunt,
708 3513 868 3587 videlicet,
899 3512 1013 3576 Simon
1043 3512 1144 3577 frater
1168 3534 1272 3577 senes·

235 3614 311 3689 colli,
343 3615 399 3697 qui
429 3616 550 3678 occisus
583 3620 633 3679 est
662 3638 682 3678 a
707 3615 891 3679 latronibus
925 3620 1020 3679 extra
1051 3614 1274 3700 Wigorniam;

238 3712 412 3779 Matthaeus
453 3716 611 3792 DolfinuS,
655 3723 812 3802 cognatus
853 3717 991 3793 abbatis,
1037 3718 1094 3802 qui
1136 3719 1274 3805 propriso

236 3818 362 3902 sagittae
385 3818 575 3882 incumbens
600 3819 704 3883 obiter
726 3825 876 3884 mortuus
899 3825 966 3883 est:
994 3819 1104 3883 David
1127 3819 1239 3905 Pugi0,
1255 3842 1276 3883 a

237 3917 408 3983 Willielmo
424 3920 464 3983 de
480 3921 628 3984 Ardernc
645 3922 725 4007 pede
741 3943 910 4006 percussus
933 3922 968 3983 in
992 3925 1119 4006 pectore
1135 3919 1177 3983 ab
1192 3942 1275 4004 equo

237 4021 356 4097 cecidit,
387 4030 421 4085 et
451 4023 605 4086 membris
629 4024 800 4087 confractis
823 4030 973 4087 mortuus
1004 4028 1062 4085 est.
1128 4021 1274 4100 Quartus

237 4143 308 4188 vero
340 4123 497 4188 Ricardus
535 4126 575 4189 de
617 4125 716 4201 Kent
746 4126 940 4190 camerarius
971 4123 1108 4198 abbatie,
1138 4129 1275 4207 rogante

237 4225 352 4289 abbate
379 4248 480 4310 quum
507 4249 649 4291 essemus
676 4226 712 4290 in
736 4229 826 4291 ouria
841 4227 992 4290 Romana
1014 4231 1053 4289 ut
1076 4224 1229 4309 injuriam
1245 4225 1275 4288 ei

237 4329 433 4392 remitterem
448 4329 490 4392 ad
514 4331 704 4415 petitionem
728 4352 832 4393 meam
848 4352 868 4391 a
884 4327 1128 4414 poenitentiario
1152 4326 1275 4390 domini

238 4452 324 4515 papae
339 4431 507 4497 absolutus
523 4438 581 4496 est.
628 4432 710 4497 Haec
725 4432 798 4496 ideo
814 4432 925 4517 scripsi
941 4436 980 4495 ut
995 4430 1135 4494 timeant
1150 4429 1276 4493 subditi

240 4533 365 4598 obedire
382 4535 522 4600 dominis
539 4536 573 4598 in
588 4535 800 4598 atrocioribus
823 4539 937 4599 contra
961 4554 1098 4596 canones
1113 4532 1198 4596 sicut
1225 4531 1275 4596 illi
1294 4551 1381 4617 [Dece

240 4635 387 4702 lecerunt.
450 4639 577 4703 Ductus
612 4639 721 4722 itaque
755 4660 827 4701 sum
862 4660 882 4699 a
914 4636 1078 4722 praedictis
1111 4637 1257 4722 magist'
1292 4619 1409 4679 Gmt.,ut

1232 4658 1276 4700 ns

242 4742 315 4804 meis
345 4741 387 4803 ad
418 4741 587 4804 dominum
611 4740 879 4806 Cantuarieusem
919 4741 975 4824 qui
1013 4745 1048 4804 et
1085 4740 1153 4824 ipse
1185 4738 1278 4804 veuit
1291 4703 1396 4817 affl]
