3264 5662
600 801 784 852 serrumn
1148 785 1213 857 337

162 992 293 1052 verunt
341 987 405 1052 His
431 1010 489 1075 per
513 988 746 1075 digressionem
776 990 819 1054 ad
849 989 1035 1054 futurorum
1058 987 1212 1054 notitiam

164 1088 270 1167 dictis,
305 1090 475 1155 redeamus
515 1092 558 1156 ad
583 1091 674 1157 beati
714 1092 870 1178 martyris
911 1090 1209 1156 manifestationem

164 1190 252 1256 unde
288 1191 425 1279 digressi
470 1195 605 1279 sumus.)
653 1194 761 1281 Igitur
800 1199 974 1280 postquam
1020 1215 1092 1258 ossa
1121 1192 1212 1258 beati

165 1295 323 1380 martyris
350 1296 392 1359 ab
413 1297 489 1382 igne
514 1297 616 1362 illaesa
638 1297 777 1361 inventa
792 1301 879 1374 sunt,
903 1296 1089 1361 incredulos
1111 1296 1213 1360 timor

164 1396 312 1474 invasit;
343 1399 513 1463 eredentes
536 1406 647 1463 autem
670 1404 705 1464 et
728 1404 908 1484 martyrem
933 1397 1108 1485 diligentes
1133 1420 1212 1485 gau·

165 1497 257 1563 dium
280 1506 314 1564 et
341 1500 504 1566 exultatio
534 1501 752 1587 repleverunt.
814 1499 993 1565 Enimvero
1015 1500 1058 1564 ad
1081 1499 1211 1565 creden-

164 1599 250 1665 tium
272 1602 431 1689 gaudium
461 1603 672 1690 implendum,
705 1603 944 1668 incredulorum
968 1623 1046 1668 vero
1070 1623 1211 1667 errorem

164 1705 391 1783 revocandum,
413 1706 645 1793 superadditur
666 1706 859 1770 miraculum
881 1704 1049 1771 miraoulo.
1101 1705 1211 1785 Quum

164 1806 253 1870 enim
290 1808 445 1894 praefatus
478 1808 590 1889 abbas,
635 1808 725 1874 tanti
769 1808 918 1874 miraouli
961 1807 1111 1873 novitate
1141 1829 1212 1893 por·

166 1909 311 1989 territus,
365 1911 514 1976 tremulis
555 1911 708 1976 manibus
752 1915 873 1976 testam
918 1910 1035 1998 eapitis
1079 1909 1212 1997 gloriosi

166 2013 324 2098 martyris
349 2013 392 2078 ab
423 2014 500 2100 igne
541 2015 583 2079 ad
629 2015 737 2079 locum
797 2013 973 2100 pristinum
1013 2013 1211 2099 deportaret,

163 2135 242 2178 casu
275 2114 317 2180 de
344 2117 497 2182 manibus
538 2117 608 2201 ejus
632 2117 742 2181 subito
768 2116 804 2180 in
834 2123 956 2181 terrain
982 2116 1107 2193 recidit,
1139 2120 1214 2180 tan-

1267 1001 1335 1054 nu.

1246 1084 1267 1119 c.
1282 1075 1353 1122 1077.

164 2222 303 2303 tumque
325 2219 435 2283 rivum
457 2219 585 2283 sudoris
608 2218 717 2283 emisit
747 2223 909 2303 quantum
925 2217 1044 2303 aliquis
1065 2219 1211 2282 virorum
1274 2222 1278 2229 '

165 2319 314 2403 quolibet
351 2320 511 2385 accidenti
546 2321 586 2384 de
621 2343 655 2386 se
689 2320 839 2386 emittere
870 2325 987 2406 posset.
1044 2319 1118 2399 Quo
1140 2318 1212 2382 viso

165 2421 323 2486 miraculo
357 2444 469 2487 omnes
502 2444 619 2487 manus
653 2423 775 2501 levant,
809 2444 917 2508 genua
946 2420 1093 2498 flectunt,
1117 2441 1213 2485 voces

166 2522 291 2588 tollunt
314 2525 356 2590 ad
389 2524 497 2589 sidera
519 2525 581 2590 Dei
614 2525 787 2590 laudantes
810 2524 983 2610 magnalia,
1005 2527 1040 2588 et
1062 2527 1213 2588 sanetum

165 2631 264 2711 eaput
286 2648 361 2691 cum
398 2627 526 2692 caeteris
548 2628 703 2692 membris
725 2627 887 2713 usquead
909 2625 1065 2690 feretrum
1087 2625 1131 2690 ad
1153 2625 1215 2689 hoo

165 2727 362 2814 deputatum
385 2751 460 2793 eum
491 2729 645 2794 laudibus
669 2736 703 2795 et
724 2729 861 2795 canticis
884 2728 1083 2794 detulerunt.
1130 2727 1214 2793 Eooe

165 2836 265 2916 eaput
287 2830 393 2896 illudi
418 2833 505 2917 quod
528 2837 603 2919 post
625 2837 677 2897 tot
699 2854 801 2897 annos
823 2830 1087 2896 mortificationis
1115 2851 1216 2895 mem·

165 2932 299 2998 brorum
322 2934 474 2999 sudorem
504 2934 637 3013 emittit,
661 2934 752 3018 cujus
782 2932 891 3020 capilli
922 2933 1029 2998 adhuc
1060 2938 1216 3009 creseunt,

165 3035 258 3120 cujus
281 3037 354 3101 coni
389 3037 605 3121 quassationis
628 3037 733 3102 locum
756 3037 868 3101 lumen
889 3036 1017 3101 ooeleste
1040 3034 1218 3101 circumde-

166 3137 225 3216 dit,
248 3139 335 3203 siout
358 3139 554 3204 venerabilis
584 3139 676 3204 Beda
706 3139 876 3225 presbyter
899 3135 1060 3202 testatur.l
1107 3137 1217 3202 Attol-

166 3240 272 3304 lamus
294 3241 407 3326 itaque
423 3264 497 3306 cum
513 3241 627 3306 eodem
649 3240 832 3306 venerabili
855 3239 945 3303 Beda
967 3238 1158 3326 presbytero
1181 3239 1216 3302 in

165 3342 236 3428 ipso
258 3344 439 3408 reverendo
472 3349 609 3430 patrono
633 3349 745 3408 nostro
768 3342 831 3406 Dei
855 3342 1030 3430 magnalia,
1055 3341 1122 3422 Qui
1159 3362 1217 3427 per

165 3451 297 3509 sanctos
328 3445 412 3509 Suos
441 3445 524 3509 talia
546 3445 674 3532 operari
697 3445 852 3531 dignatus
874 3449 946 3508 est:
979 3442 1045 3523 Qui
1068 3442 1157 3506 vivit
1182 3449 1217 3506 et

165 3552 285 3633 regnat
308 3569 367 3632 per
389 3548 500 3612 omnia
522 3547 639 3612 saecrrla
661 3546 850 3612 saeoulorum
862 3567 871 3623 ;
893 3545 1010 3610 Amen.

348 3833 354 3862 ¹
367 3831 435 3883 Flor.
447 3833 543 3894 wora,
559 3831 605 3883 rut
621 3849 685 3883 anuo
702 3838 763 3893 8⁵⁰3
783 3847 824 3884 see
835 3848 859 3897 p.
872 3838 929 3894 333,
941 3840 998 3883 note
1013 3837 1033 3881 l.
