3270 5656
511 817 711 870 cnsouicon
726 815 885 868 inmun
900 817 948 867 on
963 815 1132 868 svnsnsu.
1296 798 1338 870 27

335 991 424 1056 Nam
439 992 481 1056 ud
492 993 664 1058 dolendum
675 993 805 1080 culpam
821 993 909 1057 illius
920 991 983 1058 loci
998 998 1032 1058 ot
1047 991 1238 1078 placandam
1255 990 1337 1053 imm

291 1094 381 1159 beuti
413 1094 570 1182 Ecgwini,
596 1097 650 1162 vcl
676 1097 713 1160 in
739 1097 869 1183 signum
904 1094 1174 1160 reconciliationis
1208 1092 1340 1158 foederis

291 1197 379 1263 inter
392 1196 529 1263 bcstum
543 1199 653 1264 virum
675 1205 710 1264 ct
734 1199 874 1265 cundem
898 1199 1013 1278 locum,
1030 1197 1081 1262 vel
1096 1196 1258 1262 nescimus
1274 1216 1338 1280 quo

290 1299 355 1364 nlio
378 1299 443 1366 Dci
461 1300 594 1387 judicio,
618 1302 708 1367 locus
730 1302 768 1366 in
790 1324 855 1388 quo
886 1301 981 1366 ilium
1003 1299 1172 1386 quondum
1195 1298 1341 1390 ejusdcm

291 1401 389 1468 castri
411 1402 519 1469 fuerat
542 1405 640 1470 dutus
664 1411 714 1470 cst
741 1405 883 1470 ecclesiis
907 1402 1152 1480 Eveshamensi,
1177 1406 1224 1478 ut,
1247 1400 1342 1486 qussi

291 1526 349 1593 per
378 1505 558 1593 principale
587 1508 788 1573 domicilium
819 1506 906 1593 quod
937 1510 1069 1572 sanctus
1099 1504 1276 1591 Ecgwinus
1307 1502 1341 1566 in

291 1607 405 1673 codem
443 1607 512 1674 loco
551 1609 688 1687 obtinet,
725 1609 879 1674 omnibns
921 1610 965 1675 sit
998 1607 1162 1695 liquidum
1207 1607 1341 1672 boatum

292 1710 401 1776 virum
432 1711 597 1796 quondum
639 1734 697 1799 per
739 1712 1004 1800 praedicstioncm
1046 1733 1139 1776 susm
1179 1710 1216 1774 in
1257 1709 1342 1774 bollo

292 1812 348 1878 illo
379 1813 543 1900 spirituali
572 1815 609 1879 in
639 1815 752 1880 eodem
783 1815 852 1881 loco
881 1820 993 1881 contra
1023 1835 1133 1880 coreas
1163 1817 1343 1900 potestates

293 1916 475 1982 obtinuisse
485 1915 505 1996 ¹,
537 1919 688 2003 quumvis
717 1923 797 1983 tunc
823 1918 884 1984 hoc
917 1917 1081 2003 liquidum
1111 1921 1239 1983 constet
1276 1937 1342 1980 non

292 2018 400 2084 finisse„
426 2019 464 2085 Si
478 2041 556 2085 vcro
570 2020 668 2086 alicui
683 2021 752 2087 hooc
775 2021 932 2107 praedictc
955 2042 1029 2106 quae
1045 2021 1190 2085 diximus
1204 2018 1343 2085 incredi-

227 2132 234 2145 ‘
293 2120 375 2186 bilis
398 2121 566 2202 videntur,
596 2122 638 2188 sd
668 2122 775 2189 locum
809 2123 983 2210 pmofutum
1015 2124 1167 2203 socedat3
1209 2129 1243 2188 ct
1277 2120 1342 2186 fids

293 2224 424 2289 omlcto
444 2246 502 2311 per
523 2226 628 2311 ipsam
651 2227 699 2290 rei
722 2224 922 2290 evidentiam
953 2232 988 2290 et
1021 2225 1099 2290 facti
1122 2225 1277 2290 notitiam
1309 2230 1343 2289 ct

293 2327 416 2392 famum
438 2327 610 2412 publicam,
635 2327 706 2394 haec
736 2327 785 2392 its
807 2350 865 2414 pro
895 2334 983 2394 certo
1005 2329 1184 2404 inveniens,
1208 2327 1343 2393 beatum

294 2428 497 2516 Ecgwinum,
531 2430 631 2495 immo
654 2430 772 2510 Deum,
795 2430 953 2508 laudabit,
979 2430 1043 2510 Qui
1067 2431 1102 2494 in
1134 2430 1254 2495 sanctis
1276 2430 1344 2495 suis

293 2553 420 2619 semper
453 2539 504 2598 cst
540 2532 697 2619 gloriosus
735 2554 794 2619 per
831 2533 943 2600 omnic
979 2533 1098 2599 saeculu
1140 2533 1341 2600 saeculorum.

295 2634 416 2701 Amen.

295 2956 450 3049 Euplc'cit
465 2956 565 3026 Liber
586 2959 733 3026 Primus
756 2959 797 3028 (lc
819 2959 901 3029 Vico
923 2962 1043 3031 Scluoti
1059 2965 1226 3053 Ecpwiuc',
1250 2975 1281 3034 ct
1303 2966 1343 3034 <lc

384 3062 569 3130 Mirus-ulis
599 3087 674 3151 quc
695 3087 759 3151 pcc
789 3087 869 3131 cum
893 3067 1068 3134 Dominus
1100 3071 1240 3158 operari
1267 3071 1342 3157 clip-

385 3173 491 3233 uctuc
513 3173 559 3234 cst
581 3167 669 3233 duom
691 3167 753 3235 lucc
777 3167 848 3235 lucc
864 3169 1050 3256 frueretur.

346 3454 395 3523 Dc
412 3457 661 3548 t'cmpocitiouc
675 3459 839 3547 Lcycuclco
853 3462 896 3529 iu
914 3463 1153 3534 Tromlotlouc
1167 3467 1289 3536 Saluti

741 3566 905 3651 Eopwiui.

298 3746 395 3834 (Hoc
409 3771 484 3837 quc
504 3760 697 3839 coquuntur
715 3776 822 3841 usquc
842 3755 890 3823 cut
910 3758 1100 3826 semitutum
1122 3761 1253 3830 ltlnum
1272 3785 1345 3830 sou

443 3853 604 3939 lepuotuo·
624 3855 701 3922 ctist
723 3857 766 3924 iu
791 3859 1029 3928 Trcoulotc'ouc
1051 3868 1209 3951 uotum.)

344 4008 490 4097 Rogatus
512 4011 561 4077 fui
591 4013 765 4100 aliquando
792 4040 813 4082 o
842 4016 998 4084 lintribus
1026 4027 1064 4086 ut
1094 4022 1198 4087 vitam
1230 4022 1344 4089 eximii

299 4115 454 4199 martyris
484 4113 631 4181 Wistoni
666 4118 818 4184 advocati
850 4122 953 4186 nostn‘
991 4122 1062 4188 sinc
1100 4126 1280 4191 soloecismo
1311 4133 1345 4192 ct

298 4216 365 4279 alio
387 4216 480 4295 vitio,
506 4218 593 4304 quod
615 4221 761 4286 nondum
784 4221 908 4288 factum
935 4223 1009 4305 fuit,
1035 4226 1110 4291 stilo
1141 4230 1345 4296 commenda-

298 4340 367 4383 rem
399 4319 590 4407 prolixiori3
628 4346 752 4389 necnon
783 4331 817 4391 ct
847 4326 952 4391 vitum
985 4329 1183 4395 sanctissimi
1213 4334 1345 4420 patroni

299 4422 404 4487 nostri
427 4422 514 4489 boati
539 4424 687 4511 Ecgwini
710 4428 860 4516 episcopi,
884 4452 958 4516 quae
987 4431 1145 4518 pmlisius
1177 4437 1345 4504 tractaba-

881 4620 1210 4633 -οη--ἢ-
1223 4627 1344 4639 ...ᾑ-

588 4729 594 4757 ¹
615 4728 667 4780 Sic.
702 4729 779 4795 Remi,
792 4734 916 4785 victorium
928 4733 1064 4787 obtinuisse.
