3270 5656
474 787 674 840 cusomcou
696 786 852 839 missua
876 791 922 839 on
945 789 1117 842 nvrsaau.
1292 779 1334 842 89

286 975 428 1042 ecclesiae
450 979 554 1041 terras
576 979 610 1040 et
632 974 849 1062 possessiones
879 975 937 1042 illo
959 979 1106 1063 tempore
1131 976 1334 1042 Normannis
1392 998 1458 1050 au.

287 1077 522 1144 invadentibus
555 1077 781 1165 perdiderunt,
827 1078 885 1143 sed
929 1077 999 1164 ipse
1034 1079 1098 1143 Dei
1135 1084 1222 1145 nutu
1267 1102 1334 1144 non
1349 1069 1495 1120 ¹⁰⁶⁶·¹⁰⁷²

287 1180 392 1245 solum
419 1180 530 1245 nullas
558 1180 703 1266 perdidit
733 1179 791 1245 sed
822 1179 1001 1264 majoribus
1023 1180 1140 1267 opibus
1169 1186 1204 1246 et
1233 1180 1335 1247 hono-

287 1281 377 1347 ribus
400 1282 569 1348 abbatiam
591 1283 689 1348 istam
721 1281 948 1368 multipliciter
979 1282 1126 1348 adauxit.
1184 1282 1230 1348 Et
1254 1305 1334 1369 quo·

287 1384 377 1450 niam
398 1405 459 1450 rex
487 1384 617 1472 sapiens
642 1388 842 1472 cognoverat
876 1406 951 1450 eum
985 1383 1095 1448 virum
1127 1385 1335 1471 prudentem,

287 1508 380 1573 paene
411 1508 523 1553 omnes
544 1486 643 1572 hujus
673 1488 783 1573 gentis
813 1487 961 1552 homines
996 1487 1143 1552 saeculari
1174 1487 1336 1574 sapientia

286 1589 536 1676 precellentem,
550 1589 714 1655 commisit
733 1589 764 1653 ei
785 1611 897 1655 curam
911 1589 1051 1654 istarum
1067 1589 1211 1676 partium
1225 1594 1334 1670 terra,
1348 1625 1458 1693 Agelvy

287 1691 450 1769 videlicet,
476 1669 763 1769 Wirecestresoire,
798 1690 1100 1772 Glouecestrescire,
1133 1691 1336 1757 Oxeneford-
1348 1695 1479 1758 appointed

287 1794 375 1872 scire,
417 1797 452 1858 et
487 1793 776 1871 Wareuuikescire,
805 1792 1083 1873 Herefordsohire‚
1111 1793 1334 1873 Statordscire
1347 1777 1472 1878 pppqqnor

287 1894 500 1975 Scrobscbire,
515 1895 565 1960 ita
579 1900 618 1960 ut
639 1895 787 1960 omnium
810 1894 908 1981 hujus
930 1896 1046 1981 patriae
1072 1896 1207 1961 consilia
1229 1901 1329 1982 atque
1347 1895 1459 1974 micans

282 1997 408 2084 judicia
431 1997 498 2063 fere
527 1997 564 2061 in
593 2018 631 2062 eo
658 1997 846 2084 penderent.
893 1997 938 2063 Et
968 2020 1035 2063 non
1058 1997 1164 2062 solum
1193 1998 1230 2062 in
1261 1998 1334 2064 istis
1347 1971 1494 2094 {guisiiffip

286 2099 444 2186 partibus,
485 2100 543 2165 sed
580 2099 680 2164 etiam
714 2121 774 2186 per
807 2104 913 2164 totam
947 2100 1104 2186 Angliam
1138 2099 1334 2186 ubicumque

286 2203 447 2280 veniebat,
469 2206 538 2267 tam
569 2200 687 2267 Franci
710 2223 810 2287 quam
839 2202 941 2288 Angli
969 2225 1029 2289 pro
1050 2201 1234 2288 justissima
1262 2202 1334 2289 lege

286 2306 443 2371 tenebant
484 2304 639 2391 quicquid
677 2305 746 2392 ipse
784 2305 913 2391 legibus
950 2304 1159 2371 saecularibus
1197 2304 1334 2370 dicebat.

287 2407 574 2494 Quotienscunque
620 2408 663 2472 ad
700 2406 821 2493 placita
857 2407 911 2472 vel
949 2408 991 2472 ad
1038 2407 1136 2472 sciras
1168 2406 1333 2494 pergebat,

285 2510 430 2596 undique
445 2531 618 2576 concursus
633 2508 826 2596 populorum
842 2530 917 2574 eum
939 2508 1177 2595 frequentabat,
1198 2510 1335 2595 quisque

287 2635 344 2701 pro
365 2637 426 2679 sua
439 2614 633 2678 necessitate
656 2612 791 2678 consilia
812 2617 913 2699 atque
936 2612 1062 2676 auxilia
1083 2617 1197 2677 contra
1218 2613 1334 2678 adver-

286 2716 384 2782 sarios
399 2716 570 2781 humiliter
584 2714 793 2802 postulabat:
826 2714 914 2780 unde
930 2714 1065 2780 comites
1080 2719 1115 2779 et
1130 2715 1334 2781 vicecomites

286 2820 458 2906 cunctique
487 2819 573 2906 regis
597 2820 733 2885 barones
762 2820 924 2906 optimum
947 2819 1166 2885 consiliarium
1188 2821 1334 2885 naturali

287 2923 420 2988 scientia
458 2923 633 3009 praeditum
668 2944 743 2988 eum
766 2927 1004 3008 cognoscenter,
1038 2921 1131 3006 quasi
1164 2922 1333 2986 dominum

287 3026 377 3089 illum
411 3025 662 3090 venerabantur.
717 3023 763 3088 Et
794 3024 981 3110 ubicunque
1015 3023 1171 3089 veniebat
1203 3026 1256 3090 vel
1290 3025 1333 3089 ad

287 3130 407 3193 curiam
439 3128 525 3214 regis
559 3150 615 3192 seu
649 3126 770 3191 alicubi
800 3128 842 3191 ad
875 3127 995 3213 placita
1022 3149 1149 3213 semper
1178 3127 1334 3192 nobilitas

286 3231 453 3296 hominum
477 3231 673 3316 sequebatur
707 3252 791 3306 eum,
823 3235 923 3314 atquc
957 3228 1074 3293 humili
1110 3229 1264 3314 obsequio
1302 3230 1333 3294 ci
1407 3227 1415 3244 ⁰

286 3334 514 3399 famulabatur.
561 3332 683 3398 Iisdem
706 3353 847 3416 namque
874 3331 1078 3416 temporibus
1104 3335 1175 3394 crat
1205 3331 1258 3394 vir
1283 3355 1333 3396 rc-

287 3438 419 3523 ligiosus
441 3435 580 3522 simplex
595 3441 629 3499 et
651 3441 758 3498 rectus
782 3433 1007 3519 Wigomensis
1030 3431 1170 3496 ecclesiae
1186 3433 1334 3510 antistes,

288 3539 455 3605 Wlstanus
479 3538 617 3603 nomine.
664 3537 730 3601 Hic
745 3557 937 3622 cognoscens
961 3534 1115 3599 abbatem
1132 3534 1334 3621 Ageluuium

287 3644 392 3707 virum
442 3641 637 3728 prudentem
689 3644 759 3703 tam
809 3638 897 3724 apud
944 3659 1053 3724 regem
1100 3659 1200 3723 quam
1245 3639 1334 3725 apud

287 3767 396 3810 omnes
419 3744 580 3830 principes
602 3742 672 3827 ejus
703 3741 849 3807 saeculari
873 3740 1049 3827 prudentia
1072 3746 1106 3803 et
1136 3740 1333 3807 fortitudine

287 3847 462 3933 plurimum
486 3847 601 3921 valere,
619 3845 795 3930 saepissime
819 3843 861 3907 ad
884 3865 917 3906 sc
941 3864 1120 3908 convocans
1143 3848 1177 3907 et
1199 3843 1268 3929 ipse
1290 3844 1334 3908 ad

286 3950 378 4014 illum
401 3949 536 4014 veniens
570 3946 640 4031 ejus
674 3947 807 4011 consilio
839 3951 939 4030 atque
971 3944 1095 4008 auxilio
1119 3944 1275 4010 utebatur
1297 3947 1333 4011 in

286 4051 399 4116 multis
431 4049 633 4115 utilitatibus
665 4048 805 4113 ecclesiae
840 4070 915 4111 suaa.
962 4048 1036 4125 Qua
1065 4047 1105 4109 dc
1134 4067 1169 4109 re
1196 4047 1248 4109 vir
1277 4047 1332 4112 ille

285 4154 481 4218 venerabilis
514 4153 585 4237 ejus
615 4151 717 4215 fretus
750 4151 875 4234 judicio
912 4174 949 4212 :io
986 4147 1181 4210 tistitudiue
1220 4171 1332 4232 quam-
1345 4137 1413 4189 AJ).
1427 4144 1499 4193 1072.

286 4257 443 4344 plurimas
454 4261 557 4320 terras
569 4259 667 4318 antea
677 4253 821 4339 >perditas
834 4250 1017 4336 acquisivit.
1059 4249 1209 4334 Contigit
1220 4257 1330 4316 autem
1345 4221 1509 4339 ffthprrphbp,

285 4382 323 4426 eo
344 4367 491 4445 tempore
524 4356 692 4420 Willielmi
723 4356 808 4442 regia
836 4360 875 4418 ut
903 4354 1042 4417 Thomas
1073 4351 1332 4440 archiepiscopus
1344 4357 1498 4408 endeavours

287 4463 421 4526 Eboraci
438 4460 580 4546 pmdeas
603 4460 699 4522 homo
715 4460 935 4544 episcopatum
953 4454 1176 4539 Wigornensis·
1191 4456 1331 4523 ecclesiae
1344 4425 1487 4540 ibffigffr

286 4565 386 4629 vellet
416 4563 571 4647 subjicere
605 4584 673 4626 suae
707 4560 854 4625 ecelesiae.
915 4558 970 4622 Ad
1004 4559 1087 4621 hanc
1120 4579 1187 4621 rem
1222 4558 1331 4624 defen·
1344 4556 1480 4607 tohissee.

286 4667 426 4733 dondam
459 4665 539 4729 duas
569 4686 691 4728 marcas
725 4664 797 4726 auri
830 4662 931 4725 abbas
963 4659 1024 4724 sibi
1051 4659 1275 4726 accomodavit
1297 4667 1331 4726 et
1344 4632 1494 4754 ffliffl

287 4791 385 4837 unam
408 4768 509 4844 dedit,
531 4772 564 4833 ct
587 4767 643 4843 ita,
667 4766 737 4833 Deo
760 4764 945 4855 opitulante
968 4768 1002 4829 ct
1024 4761 1144 4830 sabbate
1168 4763 1267 4829 verbo
1298 4768 1414 4834 aaa
