3270 5656
491 802 695 852 onaomcos
718 800 876 852 sesama
899 802 954 849 aa¹
970 800 1140 850 mussan.
1277 784 1344 853 187

286 1000 303 1025 “
325 989 456 1076 adeptae
493 993 529 1054 et
558 987 645 1053 infra
681 987 804 1052 limites
832 987 999 1072 parochias
1036 987 1107 1073 ejus
1144 989 1511 1059 consalutandum.

286 1101 304 1127 ‘¹
327 1092 495 1158 Praeterea
517 1097 587 1155 tam
603 1090 645 1154 ab
661 1089 858 1154 Innocentio
876 1112 974 1174 quam
998 1089 1041 1154 ab
1057 1090 1246 1156 Alexandro
1269 1113 1345 1156 con·

287 1204 303 1228 ‘⁴
328 1194 492 1259 ceduntur
513 1197 549 1257 et
578 1191 818 1257 confirmantur
840 1192 936 1255 nobis
968 1191 1150 1276 peculiares
1171 1198 1346 1258 consuetu-

287 1305 304 1330 “
326 1295 420 1360 dines
436 1316 518 1381 quas
539 1294 700 1358 habemus
723 1294 760 1357 in
775 1293 946 1379 parochiis,
968 1293 1005 1357 in
1028 1295 1293 1379 processionibus,
1309 1296 1345 1359 in

289 1406 305 1432 ‘⁸
328 1396 601 1471 ordinationibus,
626 1399 666 1460 ut
700 1396 786 1459 sicut
816 1395 984 1479 hucusque
1022 1397 1253 1462 consuevimus
1291 1418 1345 1461 eas

289 1508 304 1534 ‘⁴
327 1504 516 1572 teneamus;
548 1497 607 1561 sed
636 1497 673 1560 in
702 1495 863 1582 parochiis
895 1497 1043 1562 omnium
1066 1499 1274 1564 ecclesiarum
1304 1498 1346 1564 de

289 1610 304 1635 “
327 1601 447 1686 quibus
471 1599 584 1684 agitur
607 1598 707 1682 (sicut
729 1597 765 1661 in
796 1597 992 1684 possessorio
1018 1597 1226 1686 judiciopro
1249 1598 1346 1664 nobis

290 1709 307 1736 “
329 1705 380 1767 est
401 1700 656 1783 sententiatum)
672 1699 840 1784 hucusque
863 1698 947 1763 tales
969 1698 1145 1764 habuimus
1167 1701 1346 1787 peculiares

291 1812 307 1837 “
328 1801 591 1881 consuetudines,
606 1800 696 1886 quod
711 1802 853 1891 decanus
868 1800 1010 1867 ecclesiae
1030 1807 1153 1868 nostrae
1168 1802 1211 1867 ab
1226 1803 1346 1869 abbate

291 1911 441 1970 “nostro
478 1903 520 1968 de
551 1924 711 1968 consensu
739 1907 852 1967 nostro
889 1904 1091 1969 constitutus
1122 1904 1162 1968 de
1192 1904 1345 1970 omnibus

292 2016 306 2041 ‘⁴
328 2007 435 2072 causis
457 2011 528 2071 tam
558 2004 738 2088 majoribus
762 2026 861 2090 quam
893 2006 1075 2071 minoribus
1098 2007 1135 2071 in
1165 2007 1211 2073 eis
1243 2029 1347 2073 emer-

291 2117 306 2144 “
327 2109 482 2196 gentibus
491 2108 666 2195 cognoscit,
680 2111 715 2172 et
729 2106 830 2172 abbas
845 2118 959 2173 noster
969 2108 1116 2194 publicas
1131 2111 1346 2195 poenitentiae

293 2210 487 2297 “injungit
540 2208 786 2275 Processionem
824 2209 926 2274 etiarn
970 2210 1241 2287 Pentecostalem,
1271 2233 1345 2296 quae

293 2323 307 2347 “
329 2317 462 2377 tantum
493 2317 544 2377 est
582 2310 822 2377 cathedralium
852 2309 1071 2388 ecclesiarum,
1101 2311 1269 2397 hucusque
1302 2312 1345 2376 ab

295 2423 309 2449 “
330 2413 460 2479 illarum
476 2413 684 2479 ecclesiarum
694 2413 898 2498 parochianis
912 2413 950 2475 in
964 2413 1099 2476 ecclesia
1110 2412 1347 2478 Eveshamensi

293 2526 308 2550 “
329 2515 523 2581 auctoritate
568 2515 707 2580 istorum
740 2513 988 2599 privilegiorum
1025 2514 1199 2578 annuatim
1246 2515 1346 2580 susci-

295 2628 310 2652 “
330 2620 445 2704 pimus,
478 2616 638 2704 peculiari
667 2616 810 2702 quadam
844 2615 1088 2692 cousuetudine,
1119 2637 1209 2681 more
1239 2616 1347 2682 cathe-

296 2731 311 2758 “
332 2724 473 2788 dralium
507 2723 725 2788 ecclesiarum.
778 2721 1011 2787 Ordinationes
1044 2722 1145 2785 etiam
1169 2723 1346 2789 earundem

297 2834 311 2860 “
332 2825 539 2891 ecclesiarum
566 2816 743 2901 habemus,
762 2824 841 2909 quia
864 2824 901 2888 in
922 2824 969 2889 eis
985 2845 1141 2910 personas
1157 2829 1191 2890 et
1205 2827 1347 2890 vicarios

297 2935 311 2962 “
332 2927 563 3007 instituimus3
587 2948 661 3012 quae
685 2926 798 2990 omnia
819 2946 879 3012 per
902 2931 1004 2991 testes
1035 2925 1126 2991 omni
1153 2928 1346 3013 exceptione

297 3040 311 3063 ‘⁴
332 3030 470 3114 majores
493 3051 562 3094 non
585 3033 718 3094 tantum
742 3049 785 3093 ex
815 3033 910 3114 parte
938 3034 1054 3093 nostra
1075 3029 1262 3114 productos,
1289 3030 1346 3095 sed

297 3141 312 3165 “
332 3132 432 3196 etiam
456 3153 515 3218 per
544 3131 738 3196 clarissimos
761 3134 797 3194 et
827 3130 1037 3195 authenticos
1066 3131 1155 3195 viros
1181 3153 1223 3195 ex
1253 3137 1347 3217 parte

298 3242 312 3267 “
333 3233 475 3319 episcopi
490 3233 674 3319 productos,
686 3253 747 3297 nos
762 3233 959 3297 auctoritate
970 3231 1088 3295 horum
1100 3231 1346 3317 privilegiorum

297 3347 312 3372 ‘⁶
334 3340 403 3405 hac
431 3339 544 3403 fecisse
567 3338 744 3425 probatum
774 3343 832 3402 est
895 3336 1007 3417 Quum
1039 3336 1145 3423 igitur
1174 3336 1243 3401 haec
1269 3337 1347 3427 jura

298 3448 313 3474 ‘⁴
335 3441 530 3527 episcopalia
540 3440 738 3505 auctoritate
754 3439 898 3505 ecclesiae
916 3439 1072 3503 Romanae
1087 3438 1124 3501 in
1139 3438 1191 3502 his
1206 3439 1348 3535 ecclesiis

298 3552 313 3576 “
335 3543 521 3620 habeamus,
537 3543 622 3606 nihil
637 3542 812 3628 potestatis
828 3541 881 3606 vel
903 3540 1142 3626 jurisdictionis
1157 3541 1349 3628 episcopalis

298 3645 533 3729 “relinquitur
562 3645 723 3730 episcopo,
754 3664 854 3728 quare
884 3664 939 3708 eas
968 3643 1053 3707 siout
1085 3641 1250 3708 membra¹
1274 3665 1348 3709 cum

226 3750 228 3753 ’
298 3753 313 3782 “
336 3747 444 3833 capite
481 3767 549 3825 suo,
579 3746 714 3812 ecclesia
743 3745 868 3810 scilicet
905 3745 1150 3826 Eveshamensi,
1189 3745 1262 3811 dico
1293 3768 1348 3811 ex-

298 3856 313 3884 “
337 3853 472 3934 emptas
540 3846 665 3913 Verum
688 3847 796 3912 adhuc
826 3848 891 3912 alia
912 3848 949 3912 in
971 3847 1144 3934 privilegio
1166 3847 1351 3912 Alexandri

299 3957 314 3984 “
337 3971 431 4036 papae
446 3949 658 4015 continentur
670 3971 728 4035 per
737 3971 811 4034 quas
822 3949 995 4014 manifeste
1004 3948 1191 4014 ostenditur
1203 3949 1351 4015 ecclesias

297 4060 312 4087 “
334 4052 408 4116 illes
443 4051 543 4116 simul
577 4073 652 4117 oum
686 4051 885 4116 monasterio
924 4049 966 4114 ab
997 4050 1087 4113 omni
1121 4050 1351 4133 jurisdictione

298 4165 313 4191 “
337 4154 512 4241 episcopali
534 4176 604 4221 esse
627 4159 806 4241 exemptas
853 4153 946 4217 Dicit
960 4151 1057 4228 enirn,
1074 4149 1248 4216 ‘Obrisma
1262 4174 1351 4234 vero,

297 4265 312 4291 ‘¹
336 4258 464 4322 ‘oleum
487 4263 646 4336 sanctum,
662 4255 922 4322 consecrationes
945 4252 1111 4331 altarium,
1128 4253 1351 4322 ordinationes

295 4366 310 4396 ‘⁴
336 4359 547 4425 ‘clericorum
563 4361 622 4444 qui
644 4359 688 4424 ad
710 4380 816 4424 saeros
839 4358 969 4423 ordines
987 4356 1112 4422 fuerint
1127 4358 1351 4443 promovendi,

646 4696 653 4726 ¹
666 4663 782 4757 membra]
796 4693 907 4752 menbra,
918 4691 974 4743 Ms.
