3264 5662
646 813 832 866 arrmnrn
1196 802 1259 866 321

213 998 335 1084 scripto
358 999 545 1065 traduntur.
592 999 674 1079 Quae
701 1000 780 1085 quia
806 997 913 1063 multa
935 1003 1023 1077 sunt,
1046 999 1142 1085 plura
1163 999 1261 1064 omit·

214 1106 330 1177 tentes,
354 1123 457 1188 ponera
478 1102 670 1167 brevissime
693 1102 911 1188 perstringere
934 1100 1129 1166 emabimus.

257 1202 340 1269 Erat
371 1204 407 1268 in
440 1202 651 1291 praetaxat0¹
676 1202 877 1268 monasterio
900 1202 1092 1268 secretarius
1115 1201 1260 1287 quidam,

213 1306 368 1373 maximae
390 1307 599 1373 strenuitatis
616 1307 677 1383 vir,
693 1306 826 1371 nomino
841 1305 973 1381 AElsius,
996 1306 1052 1391 qui
1075 1305 1111 1370 in
1126 1310 1260 1369 tantum

213 1429 322 1474 amore
345 1409 461 1474 divino
483 1409 645 1497 firrgr'abat
668 1413 707 1473 ut
725 1429 840 1494 corpus
862 1430 958 1471 suum
976 1406 1112 1493 jejuniis
1134 1412 1168 1472 et
1191 1428 1262 1473 ora-

214 1510 360 1577 tionibus
381 1533 557 1587 maoeranS,
581 1511 682 1576 etiam
706 1509 852 1574 hibernis
874 1508 1026 1574 noctibus
1048 1508 1149 1574 nudis
1170 1510 1262 1596 pedi·

215 1611 276 1676 bras
298 1615 387 1678 inter
409 1615 650 1679 matutinorum
668 1612 827 1677 solemnia
842 1633 942 1698 supra
964 1611 1118 1698 frigidam
1133 1619 1260 1698 petram

209 1714 336 1799 jugiter
358 1722 470 1782 staret.
515 1716 605 1780 Huic
627 1715 770 1800 quodam
793 1715 863 1780 vice
884 1714 974 1779 inter
996 1714 1162 1780 orationes
1189 1716 1262 1779 dor-

215 1817 329 1883 mienti
367 1818 485 1886 demon
519 1818 661 1883 illudens
691 1818 788 1881 dorso
822 1817 892 1902 ejus
925 1816 1064 1897 insiluit,
1103 1823 1138 1883 ot
1169 1819 1263 1905 quasi

216 1920 357 1985 calcibus
372 1943 447 1986 eum
463 1919 607 1986 tondens
625 1919 781 2005 evigilare
804 1920 969 2006 praecepit,
994 1942 1091 2005 quem
1115 1920 1167 1986 vir
1189 1943 1262 2008 pre

217 2022 369 2088 bissimus
403 2025 517 2088 statim
557 2021 779 2109 apprehendit
810 2028 844 2087 et
876 2022 916 2087 de
947 2023 1088 2110 cingulis
1121 2024 1263 2089 ecclesiae

216 2123 308 2189 illum
339 2126 544 2191 strictissime
575 2125 702 2211 ligavit,
734 2124 792 2188 sed
824 2146 927 2210 quum
959 2125 1120 2210 quosdam
1146 2125 1264 2192 fratros

217 2233 372 2306 vocasset,
384 2250 533 2292 reversus
548 2226 679 2313 cingula
694 2226 818 2291 nodata
833 2228 963 2314 reperit,
980 2250 1054 2292 eum
1070 2250 1147 2293 vero
1166 2251 1263 2314 quem

216 2328 375 2415 ligaverat
397 2352 465 2395 non
488 2330 625 2394 invenit.
671 2328 797 2393 Rursus
819 2328 885 2393 alio
908 2334 1055 2416 tempore
1081 2352 1183 2417 quum
1213 2331 1265 2395 di-

216 2452 323 2497 versos
345 2438 535 2499 sanctorum
557 2432 730 2496 memorias
759 2453 834 2495 cum
863 2430 987 2496 lumine
1010 2432 1107 2497 solito
1130 2432 1265 2499 circum·

216 2534 381 2614 lustraret,
405 2557 464 2621 pro
487 2534 573 2599 vivis
595 2538 630 2598 et
652 2533 818 2599 defunctis
844 2534 972 2620 jugiter
1003 2556 1109 2611 orans,
1136 2536 1264 2600 rediens

217 2659 273 2723 per
294 2636 518 2703 coemeterium
534 2636 683 2712 eoclesiae,
703 2659 803 2721 quum
825 2636 860 2700 in
883 2636 949 2703 fine
963 2660 1095 2723 precum
1110 2659 1169 2724 pro
1184 2638 1264 2703 fido·

216 2738 300 2805 libus
323 2740 487 2805 defunctis
518 2738 729 2805 devotissime
762 2738 894 2815 diceret,
929 2746 946 2775 “
962 2740 1095 2806 Animae
1117 2742 1264 2806 omnium

217 2851 232 2876 “
255 2842 403 2907 fidelium
426 2842 656 2906 defunctorum
679 2841 889 2927 requiescant
917 2842 953 2906 in
979 2841 1089 2929 pace,”
1111 2843 1265 2910 auditum

218 2951 267 3009 est
288 2968 347 3031 per
369 2950 478 3009 totum
501 2944 726 3009 coemetcriunr
760 2945 802 3009 ab
834 2944 1008 3009 animabus
1038 2945 1265 3011 defunctorum

217 3069 408 3133 responsum
423 3047 486 3111 sibi
504 3069 582 3124 esse,
599 3053 617 3081 “
632 3046 766 3111 Amen?
813 3047 879 3111 Hic
902 3047 1119 3133 pulcherrime
1143 3071 1266 3113 exuens

216 3149 381 3214 hominem
404 3149 543 3235 posteris
566 3150 753 3234 exemplum
776 3149 859 3213 bene
882 3149 1019 3213 vivendi
1043 3150 1227 3235 dereliquit.

262 3252 419 3315 Mannius
433 3257 553 3327 autom,
578 3250 708 3337 praefati
732 3251 924 3315 monasterii
939 3251 1050 3331 abbas,
1068 3253 1160 3317 mirae
1175 3275 1266 3318 sauc·
1322 3261 1390 3314 Aa).

218 3354 325 3418 titatis
342 3360 376 3418 et
392 3352 568 3439 probitatis
584 3353 645 3432 vir,
662 3352 768 3416 multa
783 3352 869 3416 mira
885 3352 969 3436 (Deo
993 3353 1057 3417 sibi
1080 3354 1265 3441 revelante)
1280 3335 1432 3381 ¹⁰⁴4¹⁰⁶⁶'

218 3457 338 3521 meruit
350 3456 471 3521 videre.
505 3455 601 3519 Inter
613 3478 687 3540 quae
703 3455 866 3539 angelicos
882 3460 998 3520 cantus
1014 3457 1155 3541 quadam
1171 3463 1265 3522 nocte

218 3560 362 3639 audiena
379 3582 481 3645 quum
496 3557 576 3644 quid
599 3565 686 3623 esset
701 3557 808 3623 exiret
823 3579 961 3631 cernere,
976 3558 1064 3622 vidit
1086 3560 1265 3625 maximam

218 3661 322 3727 lucem
344 3662 385 3726 de
409 3661 493 3726 turri
527 3660 669 3726 ecclesiae
702 3660 932 3725 ascendentem
959 3660 1079 3726 coelum
1102 3684 1177 3728 cum
1200 3685 1265 3728 me-

219 3763 305 3828 lodia
328 3764 476 3851 angelica
497 3770 617 3849 petere.
664 3762 763 3827 Mane
779 3785 856 3828 vero
871 3763 912 3829 de
928 3763 1117 3849 hujusmodi
1139 3765 1266 3830 visione

218 3867 399 3951 quaestione
421 3865 516 3944 facta,
539 3865 708 3930 intellexit
730 3865 874 3930 animam
907 3866 1076 3951 eujusdam
1110 3867 1267 3932 sdven2e²

219 3968 418 4055 pauperrimi
453 3968 566 4033 eadem
599 3973 694 4032 nocte
732 3968 768 4031 in
807 3968 892 4032 turri
930 3968 1086 4047 defuncti,
1112 3969 1267 4056 angelicis

218 4070 389 4157 spiritibus
404 4093 477 4136 eam
492 4092 565 4135 cum
581 4075 680 4134 enta
703 4076 737 4135 et
758 4069 884 4134 lumine
899 4070 1104 4149 ducentibus,
1121 4072 1268 4137 eoelestia

218 4174 359 4260 petiisse.
431 4173 521 4237 Huic
555 4172 669 4237 abbati
704 4195 807 4259 quum
839 4172 981 4257 quadam
1016 4174 1069 4238 dic
1109 4196 1194 4239 unus
1226 4176 1267 4240 de

218 4277 404 4363 praepositis
441 4276 509 4340 suis
558 4275 744 4361 quindecim
782 4275 882 4340 libras
917 4275 1099 4356 obtulisset,
1135 4282 1266 4343 centum

215 4379 337 4443 solidos
360 4377 574 4458 solummod0,
600 4378 678 4463 quia
703 4378 743 4443 de
770 4382 860 4442 recto
884 4377 975 4442 luero
996 4384 1099 4456 erant,
1133 4381 1265 4466 recepit,

256 4725 264 4755 ¹
271 4725 425 4791 protonolo]
444 4731 591 4790 protento,
602 4722 659 4775 MS.
751 4723 757 4791 Ι
804 4724 938 4793 ²advem]
957 4727 1124 4790 advenitis.

1069 4826 1094 4873 X
