3270 5656
494 769 697 818 cneorrcor
720 767 878 816 assirim
901 768 948 815 nn
971 765 1139 818 svnsnln
1301 757 1343 817 53

291 958 501 1044 omniumque
532 957 798 1023 Christianorum
822 956 987 1042 refugium
1017 962 1052 1022 et
1081 956 1245 1034 solatium,
1278 957 1342 1022 Dei

290 1059 415 1125 scilicet
447 1058 649 1124 Genitricem
673 1065 708 1124 et
734 1081 862 1145 semper
885 1058 1055 1145 Virginem
1083 1058 1233 1136 Mariam,
1263 1060 1340 1124 sub-

288 1161 467 1241 limissime,
506 1168 545 1226 ut
580 1162 682 1248 digna
720 1168 779 1236 est,
810 1160 1033 1226 deducentem
1110 1161 1342 1227 Pervenientes

290 1264 393 1350 igitur
418 1267 497 1327 ante
526 1263 629 1328 altare
659 1268 782 1328 sanotae
806 1263 921 1327 Mariae
951 1262 1158 1328 venerandus
1190 1263 1342 1349 pontifex

290 1372 421 1431 sanctus
456 1365 632 1453 Eogwinus
664 1371 739 1452 post
769 1365 966 1430 matutinale
993 1365 1134 1430 officium
1165 1365 1341 1432 honorifice

290 1466 511 1548 demutatum,
549 1468 721 1532 missarum
766 1467 928 1533 solemnia
980 1468 1128 1531 maxima
1165 1472 1340 1533 venustate

290 1570 469 1635 exorditur.
523 1570 679 1635 Cerneres
709 1569 906 1635 monachum
944 1570 1010 1633 ista
1045 1575 1195 1634 tuentem
1228 1575 1339 1635 mente

287 1670 465 1737 deductum
498 1671 672 1759 trepidare,
703 1671 815 1736 animo
845 1673 1013 1748 fluctuare,
1037 1693 1075 1736 ac
1116 1693 1225 1737 secum
1256 1672 1338 1738 talia

288 1773 477 1839 alternatim
502 1774 680 1851 revolvere,
711 1780 728 1808 “
745 1773 834 1853 Quid
863 1778 913 1837 est
939 1772 1030 1838 istud
1061 1773 1198 1839 videret
1247 1775 1338 1840 Num

290 1884 307 1908 “
328 1897 459 1940 sensum
481 1897 591 1941 meum
615 1875 766 1962 perdidit
812 1875 956 1940 Putasne
982 1875 1080 1953 istius
1102 1876 1245 1942 ecclesiae
1268 1881 1358 1942 mo-'

291 1986 307 2011 “
329 1978 426 2044 naolri
463 1978 516 2043 hic
554 1999 651 2042 suum
688 1977 830 2043 officium
869 1982 1057 2064 peragunt?
1101 1978 1167 2044 Sed
1198 1978 1252 2044 hic
1282 2002 1338 2045 ne-

290 2081 452 2148 “minem
488 2103 680 2168 recognosco
717 2104 760 2146 ex
797 2080 872 2146 illis.
917 2081 974 2147 An
1008 2081 1145 2168 spiritus
1179 2083 1246 2149 sint
1283 2086 1337 2150 vel

291 2191 309 2216 “
330 2204 465 2270 corpora
485 2205 558 2270 quae
576 2183 695 2249 videor
739 2183 860 2249 Nonne
883 2183 936 2248 hic
958 2183 1094 2268 quidam
1117 2191 1235 2250 assunt
1256 2208 1338 2271 quos

290 2285 390 2350 “diu
423 2309 466 2351 ex
503 2285 564 2351 hac
607 2286 678 2350 luce
717 2285 902 2351 subtractos
939 2284 1139 2372 intelligol”
1199 2287 1338 2354 Viderat

286 2408 430 2472 namque
450 2389 487 2452 in
509 2388 566 2452 illo
588 2387 686 2474 globo
721 2388 881 2473 quosdam
903 2408 984 2472 quos
1007 2392 1042 2452 et
1066 2387 1338 2455 Eoveshamensis

288 2491 480 2555 monasterii
514 2489 690 2554 monachos
713 2489 838 2575 etjam
861 2488 1031 2554 defunctos
1058 2494 1204 2555 noverat.
1264 2489 1338 2556 Hac

287 2591 392 2677 igitur
415 2593 632 2679 ambiguitate
655 2593 849 2677 compulsus,
875 2592 1001 2656 accedit
1024 2597 1147 2657 secreto
1170 2592 1214 2657 ad
1236 2615 1338 2679 quen·

287 2694 373 2774 dam,
389 2700 423 2760 et
442 2716 517 2780 quae
539 2700 625 2760 esset
646 2695 699 2759 cui
721 2694 821 2759 missa
843 2693 1074 2758 decantaretur
1089 2694 1237 2780 inquirit
1282 2697 1337 2761 Ad

287 2817 384 2881 quem
407 2797 527 2883 paucis,
551 2803 570 2833 “
586 2797 689 2861 Tace:
721 2817 804 2860 num
834 2797 965 2883 ignoras
991 2795 1162 2861 dominum
1183 2801 1336 2863 nostrum

289 2905 309 2932 “
329 2905 480 2964 sanctum
511 2898 705 2985 Ecgvvinunr
737 2897 843 2964 beatae
866 2896 930 2962 Dei
960 2896 1123 2964 Genitrioi
1153 2905 1187 2964 et
1210 2922 1336 2986 semper

286 3000 460 3086 “Virgini
505 3000 621 3065 Mariae
668 3022 794 3065 sacrum
833 3000 1030 3085 mysterium
1069 3001 1337 3067 celebranteml”

287 3101 434 3167 Territus
464 3102 520 3167 ille
555 3101 743 3188 hujusmodi
779 3101 999 3188 responsione,
1038 3103 1149 3168 locum
1185 3110 1336 3190 repetens

286 3204 333 3267 rei
367 3204 494 3268 exitum
528 3203 790 3290 praestolabatur.
846 3202 965 3290 Itaque
998 3210 1130 3290 peracta
1163 3206 1336 3270 missarum

1396 958 1464 1009 ΑΒ.

1365 1034 1421 1075 unte
1431 1029 1502 1079 1066.

286 3305 512 3382 celebratione,
537 3306 689 3390 horisque
717 3311 839 3370 sanctae
863 3305 977 3370 Mariae
1009 3328 1052 3370 ex
1082 3307 1196 3371 ordine
1219 3308 1334 3373 decan-
1384 3351 1386 3357 -

286 3407 375 3484 tatis,
397 3407 517 3472 iterum
548 3407 613 3471 duo
646 3406 786 3493 episcopi
809 3405 883 3470 coeli
905 3407 1052 3493 reginam
1084 3414 1117 3472 et
1140 3409 1256 3473 mundi
1279 3410 1335 3475 do·

287 3510 411 3574 minam
445 3509 628 3573 humillime
662 3508 782 3573 dextra
815 3509 965 3594 laevaque
988 3515 1200 3592 assumentes,
1223 3511 1335 3577 eodem

287 3613 382 3676 modo
413 3632 479 3698 quo
517 3612 608 3697 prius
630 3611 799 3690 induxere,
822 3632 896 3675 oum
928 3612 1129 3696 processione
1152 3619 1186 3678 et
1208 3636 1336 3679 summa

287 3713 390 3799 gloria
411 3713 577 3778 reduxere.

411 3974 462 4039 Dc
485 3971 633 4060 quodum
656 3968 820 4037 caleontco
839 3968 1047 4038 Turonensis
1069 3970 1216 4038 ccclmtoe.

332 4149 524 4216 Istiusmodi
545 4169 624 4213 vero
646 4145 694 4210 rei
716 4146 866 4231 exempla
895 4147 961 4210 late
992 4152 1181 4232 suppetunt.
1240 4147 1336 4212 Com·
1350 4161 1454 4240 Simila

288 4258 416 4338 imum
440 4253 561 4338 quippe
584 4248 744 4313 habemus
767 4249 932 4332 quendam
954 4250 1146 4314 canonicum
1170 4247 1249 4312 olim
1272 4229 1494 4346 TU·}⁷,¹,⁸an

1398 4244 1441 4278 ron
1452 4231 1480 4307 ol

288 4355 376 4420 ronis
399 4354 470 4419 Deo
493 4357 670 4436 sanctoque
687 4347 832 4413 Martino
855 4351 1052 4415 servientem
1076 4349 1216 4435 quodam
1239 4351 1337 4416 modo
1350 4377 1408 4412 seen
1420 4369 1446 4411 ιι

288 4458 482 4522 uniformem
504 4455 625 4519 vidisse
648 4451 818 4516 visionem
865 4451 931 4531 Qui
963 4473 1073 4538 quum,
1108 4452 1253 4517 stultitia
1286 4476 1336 4517 rn-

289 4558 413 4636 ductus,
437 4559 587 4646 glisceret
609 4554 726 4620 rescire
748 4575 880 4618 causam
902 4577 961 4619 our
983 4555 1019 4618 in
1043 4554 1257 4620 Ordinatione
1278 4577 1336 4621 seu

289 4660 511 4727 Translatione
543 4658 648 4724 sancti
680 4656 817 4720 Martini
848 4678 923 4742 quae
950 4658 985 4721 in
1008 4661 1122 4724 aestate
1152 4657 1337 4724 celebratur

1109 4776 1134 4824 D
1158 4762 1178 4824 3
1205 4791 1245 4823 ιι-

1289 4454 1296 4467 ·
1350 4428 1440 4478 Tours.
