3264 5662
400 812 602 866 caraunus
625 812 782 866 nasama
805 814 852 866 ns
875 817 1048 870 svesaim
1182 800 1247 869 265

199 1003 341 1090 periculo
365 1004 430 1068 fuit
452 1004 637 1083 obtentum,
662 1012 696 1071 et
716 1006 780 1071 nisi
803 1006 919 1071 divina
942 1005 1052 1094 gratia
1069 1005 1246 1072 conventui
1301 1024 1370 1077 mn.

197 1106 404 1172 subvenisset
426 1108 462 1172 in
477 1108 549 1194 ipso
571 1109 711 1175 obtentu
725 1109 904 1175 multorum
919 1109 1154 1176 monachorum
1172 1130 1246 1174 san·
1259 1096 1416 1147 mm&

198 1210 271 1296 guis
301 1207 423 1275 effusus
449 1210 588 1291 fuisset;
619 1213 706 1277 sicut
735 1212 772 1277 in
801 1211 959 1299 praedicto
989 1210 1074 1278 libro
1098 1210 1247 1278 habetur.

199 1311 280 1377 Post
302 1312 465 1400 primum¹
491 1314 592 1379 etiam
615 1335 727 1380 casum
749 1315 851 1380 turris
873 1336 976 1402 quum
999 1336 1111 1381 omnes
1131 1314 1249 1381 lintres

198 1413 238 1480 de
261 1415 466 1502 reparatione
489 1416 633 1483 ccclesiae
656 1423 691 1482 et
713 1439 916 1503 eorumquae
939 1439 998 1506 per
1020 1440 1131 1485 casum
1146 1419 1249 1484 turris

199 1524 294 1584 erant
316 1518 483 1585 confracta
513 1519 732 1606 desperarent,
757 1519 800 1586 ad
823 1521 1020 1608 petitionem
1043 1521 1183 1587 fratrum
1213 1526 1249 1587 et

194 1622 377 1707 jussionem
399 1621 530 1687 abbatis
554 1622 642 1688 idem
665 1623 807 1690 Thomas
837 1624 992 1690 misertus
1013 1624 1156 1691 ecelesiae
1179 1646 1248 1691 sues

199 1726 353 1812 apposuit
375 1747 509 1790 manum
532 1725 576 1790 ad
598 1726 831 1813 praedictorum
846 1726 1096 1813 reparationem,
1115 1734 1149 1794 et
1170 1727 1249 1792 licet

198 1829 349 1894 redditus
382 1830 424 1894 ad
455 1828 517 1895 hoc
546 1851 614 1895 non
646 1828 782 1895 haberet
812 1828 1005 1917 assignatos,
1038 1830 1079 1895 de
1110 1828 1249 1918 pecunia

197 1930 307 1998 labore
339 1954 398 1998 suo
430 1936 464 1998 et
500 1930 702 2020 prudentia²
732 1933 900 2019 acquisita,
936 1934 1084 2021 exceptis
1120 1932 1249 2021 tignis⁸

199 2034 395 2124 presbyterii
417 2057 491 2121 quae
507 2041 691 2101 conventus
704 2057 764 2123 pro
779 2034 897 2121 majori
913 2041 1008 2122 parte
1029 2034 1120 2111 emit,
1136 2057 1248 2102 muros

198 2137 395 2226 presbyterii
428 2139 465 2201 in
495 2139 631 2203 modum
664 2137 914 2225 pinnaculorum
952 2137 996 2204 ad
1035 2138 1247 2205 deambulan-

197 2241 277 2306 dum
301 2241 385 2306 circa
407 2241 647 2327 presbyterium
673 2241 775 2328 (quod
798 2238 911 2327 prius⁴
933 2241 1057 2307 factum
1074 2262 1142 2306 non
1158 2241 1246 2327 fuit),

197 2350 232 2410 et
262 2345 371 2432 ipsum
403 2343 643 2430 presbyterium
673 2365 748 2409 cum
778 2344 875 2409 tectis
901 2349 1091 2431 cryptarum
1114 2344 1249 2432 presby·

196 2447 281 2514 terio
311 2446 545 2532 adjacentibus,
578 2452 613 2512 et
646 2446 786 2533 amplius
813 2467 912 2532 quam
939 2444 1152 2513 medietatem
1182 2446 1248 2535 tig-

196 2570 316 2616 norum
374 2551 486 2628 turn‘s,
536 2549 622 2614 iufra
666 2548 838 2614 biennium
884 2549 1058 2636 reparavit.
1135 2549 1246 2630 Quum

195 2653 297 2719 etiam
327 2652 437 2732 abbas,
475 2674 534 2740 per
563 2653 808 2740 exemptionem
844 2651 951 2718 factus
988 2672 1121 2719 securus
1159 2652 1246 2740 quod

194 2780 217 2823 a
255 2756 346 2824 nullo
384 2757 449 2822 nisi
483 2779 504 2821 a
541 2757 674 2822 domino
706 2778 792 2844 papa
824 2755 880 2821 vel
917 2756 1027 2843 legato
1066 2756 1137 2843 ejus
1173 2778 1247 2845 pos·

194 2865 246 2926 set
280 2859 408 2946 deponi,
446 2858 553 2923 multa
582 2857 762 2923 immobilia
787 2857 1001 2945 dilapidasset
1023 2865 1059 2924 et
1080 2858 1245 2925 ecclesiam

194 2984 260 3029 rere
290 2962 399 3028 alieno
431 2962 474 3026 ad
500 2960 589 3026 mille
620 2959 826 3027 marcarum⁶
849 2965 1025 3039 onerasset,
1052 2968 1088 3027 et
1114 2962 1149 3026 in
1173 2966 1246 3028 tan·

194 3071 269 3132 tum
293 3069 493 3132 conventum
527 3063 738 3151 depressisset
762 3064 851 3150 quod
881 3063 981 3129 multi
1012 3064 1100 3130 unde
1134 3086 1168 3131 se
1194 3088 1246 3132 co·

195 3169 362 3256 operirent
400 3167 545 3244 honeste,
587 3166 640 3233 vel
679 3166 866 3231 inundante
903 3165 1019 3253 pluvia
1051 3166 1110 3232 ubi
1147 3174 1247 3255 caput

194 3294 291 3338 suum
329 3269 534 3347 reclinarent,
569 3292 636 3334 non
674 3269 841 3347 baberent,
880 3273 915 3335 et
952 3269 1052 3334 multi
1086 3269 1173 3336 same
1210 3277 1246 3337 et

193 3375 305 3441 inedia
324 3374 540 3450 afficerentur,
562 3373 625 3438 iste
645 3371 785 3437 Thomas
808 3372 957 3450 decanus,
978 3373 1126 3439 nondum
1146 3374 1243 3462 prior,

193 3477 348 3567 opposuit
375 3501 409 3543 se
431 3498 563 3543 murum
589 3498 647 3563 pro
678 3476 775 3541 domo
805 3474 949 3553 Domini,
972 3481 1007 3542 et
1030 3498 1131 3563 quum
1158 3476 1245 3565 lega·
1256 3495 1334 3550 rael.
1343 3496 1398 3552 xiii.

193 3587 267 3648 tum
302 3582 458 3647 Romanae
492 3579 579 3645 sedis
613 3600 673 3665 pro
706 3577 904 3665 quibusdam
935 3579 1078 3666 negotiis
1103 3571 1279 3647 aarum&

193 3685 323 3761 adisset,
347 3705 391 3749 ex
412 3687 575 3771 praecepto
598 3682 742 3768 ejusdem
773 3680 875 3769 legati
907 3686 1031 3746 statum
1054 3683 1245 3750 monasterii

194 3783 423 3855 Eveshamite⁰
441 3787 471 3850 ei
492 3785 616 3850 retulit.
662 3784 706 3849 Et
730 3790 844 3870 postea
866 3807 970 3872 quum
988 3786 1135 3852 venisset
1156 3788 1246 3877 lega·

194 3897 249 3957 tus
272 3889 513 3967 Eveshamiam,
536 3910 645 3954 coram
661 3908 700 3952 eo
722 3886 876 3953 abbatem
900 3888 1069 3954 accusavit
1091 3894 1125 3955 et
1147 3913 1246 3978 super

192 4000 318 4082 septem
352 3994 406 4059 vel
439 3998 513 4059 octo
547 3990 739 4056 criminibus
770 4011 829 4078 per
854 3989 987 4056 abbatis
1010 3991 1244 4059 confessionem

191 4105 227 4165 et
249 4120 306 4187 per
328 4097 376 4164 rei
399 4095 602 4162 evidentiam
623 4100 657 4160 et
676 4115 735 4181 per
754 4093 896 4159 fratrum
917 4093 1145 4160 testimonium
1169 4117 1244 4162 eum

227 4427 369 4495 rlm'mm]
389 4425 529 4490 murem,
715 4429 719 4453 ¹
775 4417 885 4486 lpum]
904 4417 931 4468 in
960 4421 1120 4472 manatura.
1177 4424 1244 4477 Add.

226 4538 237 4566 r
248 4535 396 4604 prudentia]
415 4534 487 4599 prud
500 4549 553 4585 rua,
587 4531 651 4582 lbid.
741 4498 950 4646 vexarem...]
970 4594 1067 4633 mma
1110 4583 1176 4636 lbld.

226 4643 339 4708 ἰε’φιέι]
359 4640 468 4708 unguina
481 4638 696 4704 ‘linsmvllssssssff
772 4657 968 4727 ‘EmtcaiaeJ
1041 4663 1243 4719 Ereshamemia

194 4729 257 4785 rum,
269 4723 344 4774 Bodl.
717 4776 721 4791 .
741 4736 808 4789 ltiu
