3264 5662
360 776 560 827 canonicos
583 775 740 825 arnaria
764 775 810 824 un
833 772 1003 824 avesnis
1143 761 1205 822 155

152 984 168 999 “·
194 965 294 1029 toliea
331 965 529 1030 auctoritate
558 963 689 1041 fultum,
722 965 820 1051 regia.
849 964 1003 1028 libertate
1041 963 1379 1037 donatum,A,1).1205,

153 1084 171 1103 ··
199 1068 298 1133 fuisse
312 1067 469 1132 collatum
494 1089 622 1132 summo
650 1067 800 1153 pontifici
830 1072 865 1131 et
886 1064 1029 1130 eoelesiae
1046 1063 1212 1141 Romanae,

153 1188 171 1204 ⁴·
198 1176 233 1234 et
258 1171 341 1247 ideo,
365 1178 505 1256 excepto
535 1169 723 1256 apostolico,
742 1174 780 1232 ut
810 1190 907 1233 suum
938 1173 973 1232 et
1004 1168 1039 1230 in
1068 1189 1127 1231 suo
1143 1165 1212 1231 solo

155 1292 172 1306 ··
199 1273 418 1338 eonstitutuni
457 1271 541 1336 nulli
579 1279 629 1338 est
667 1272 861 1357 subjeetum.
920 1270 974 1335 Ad
1013 1270 1073 1334 hoo
1111 1269 1212 1333 etiam

154 1392 168 1408 ⁸·
197 1375 282 1441 bene
313 1376 393 1440 facit
425 1376 515 1461 quod
546 1376 581 1439 in
616 1375 730 1440 eodem
766 1374 938 1460 privilegio
972 1372 1214 1439 Constantinus

155 1499 170 1512 ¹·
197 1478 312 1543 statim
346 1479 529 1565 subjungit,
563 1478 699 1563 loquens
735 1476 939 1553 Brituualdo‚
966 1475 1064 1539 ‘Tibi
1102 1480 1215 1538 autem

154 1602 171 1616 ¹·
202 1589 262 1647 ‘et
284 1583 521 1647 suceessoribus
555 1582 834 1658 tuis‚men10rato
867 1579 1016 1665 episeopo
1045 1577 1216 1664 Eeguuino

155 1695 173 1719 ‘⁴
201 1685 433 1763 'assentiente
450 1706 561 1749 euram
585 1683 771 1748 animarum
795 1682 943 1769 ejusdem
967 1680 1111 1746 ecelesiae
1134 1702 1216 1765 pne

157 1802 176 1821 ‘·
203 1789 321 1873 ·cipue
357 1785 582 1874 injungimus¹
643 1785 722 1850 Non
760 1785 849 1850 enim
888 1785 1032 1849 auferret
1069 1804 1217 1848 sunnnus

156 1908 174 1923 ⁶·
202 1890 374 1975 ‘pontifex
397 1890 497 1954 alicui
520 1889 704 1954 dioecesano
727 1889 876 1974 episeopo
900 1909 1009 1952 euram
1032 1887 1217 1951 animarum

158 2006 177 2026 ·⁴
201 1992 343 2078 alicujus
352 1991 494 2057 eeclesia
503 1991 590 2056 sieut
602 1991 657 2055 isti
671 1991 748 2055 feeit
764 1990 913 2077 (-quod
923 2012 965 2055 ex
976 2011 1014 2055 eo
1027 1994 1118 2076 patet
1130 1988 1216 2074 quod

160 2110 176 2128 ⁶·
201 2116 238 2159 eo
260 2093 485 2160 coreserdr'ente
508 2094 575 2173 alii,
599 2100 638 2158 ut
662 2115 720 2158 suo
737 2093 871 2170 vicario,
896 2115 1006 2157 euram
1030 2093 1216 2156 animarum

158 2208 175 2231 ‘⁴
199 2197 365 2278 tradidit3
388 2219 455 2262 non
478 2197 567 2261 enim
589 2197 770 2280 requiritur
792 2217 967 2260 consensus
991 2194 1129 2278 alicujus
1152 2192 1216 2256 nisi

158 2316 177 2332 ··
203 2299 240 2362 in
266 2299 318 2362 his
342 2322 416 2384 quae
442 2300 477 2362 in
508 2299 578 2386 ejus
601 2299 689 2362 fiunt
711 2297 880 2364 lesionem
896 2299 962 2382 ;—)
987 2297 1052 2360 nisi
1075 2295 1217 2360 ecelesiae

158 2401 389 2487 “specialiter
423 2424 500 2481 suae,
528 2408 562 2466 et
596 2401 796 2466 auctoritate
831 2423 891 2464 sua
924 2399 1091 2479 fundatae3
1129 2397 1217 2482 quod

157 2514 178 2539 ⁴⁴
203 2526 355 2590 expresse
378 2505 414 2568 in
437 2505 579 2569 seeundo
603 2503 776 2589 privilegio
793 2502 1005 2569 Constantini
1021 2502 1216 2576 continetur,

161 2621 178 2641 ‘·
203 2607 263 2671 ubi
279 2607 455 2673 denuntiat
472 2607 669 2671 Brituualdo
694 2610 883 2692 ‘quatenus
907 2604 1057 2671 ecelesias
1073 2604 1137 2669 Dei
1161 2626 1218 2691 per

161 2720 180 2743 ·‘
206 2710 466 2774 ‘Brittanniam'
493 2710 669 2795 dispositas
707 2715 766 2774 tua
805 2709 907 2795 ipsius
957 2713 992 2774 et
1029 2712 1217 2773 sanctorum

161 2832 177 2845 ··
203 2812 451 2898 ‘apostolorum
480 2813 680 2877 auctoritato
714 2815 866 2897 protegas
897 2811 1035 2897 nequis
1064 2832 1219 2897 pervasor

162 2928 180 2948 ·‘
205 2917 463 3002 ‘cujuscumque
486 2915 611 2979 ordinis
634 2936 654 2978 a
676 2914 747 2978 Deo
771 2919 805 2978 et
827 2914 924 2979 nobis
946 2915 1130 2979 constituta
1151 2915 1218 3000 pri-

166 3036 180 3051 ··
206 3018 352 3103 ‘vilegia
374 3019 520 3083 subruat.
577 3017 671 3082 Inter
693 3038 775 3102 quas
798 3039 869 3080 earn
893 3038 967 3102 quse
990 3018 1176 3103 nuperrime
1199 3039 1219 3080 a

164 3136 179 3153 ⁴·
205 3120 408 3185 ‘venerabili
430 3121 503 3185 viro
519 3119 692 3205 Eegnuino
715 3125 828 3184 nostra
851 3124 886 3183 et
908 3121 999 3205 regia
1021 3120 1219 3185 auctoritate

165 3243 181 3257 ··
206 3224 410 3288 ‘constituta
443 3229 503 3302 est,
527 3224 688 3308 praecipuo
721 3228 789 3287 true
822 3222 942 3287 ditioni
974 3222 1219 3287 suinnittirnus.’

166 3336 182 3358 ⁴·
209 3326 291 3390 Eece
318 3326 407 3411 quod
439 3326 636 3391 alletoritate
668 3325 789 3389 summi
824 3324 989 3410 pontificis
1012 3329 1063 3388 est
1085 3325 1219 3389 eeclesia

166 3449 181 3461 ··
207 3436 320 3493 nostra
351 3428 534 3493 constituta
567 3436 601 3493 et
625 3428 890 3493 Brittanniamm
914 3427 1049 3512 primati
1087 3433 1127 3493 ut
1161 3450 1218 3491 suo

167 3552 182 3562 ··
207 3531 314 3615 teberto
329 3531 507 3598 commissa.
548 3531 660 3609 Quum
683 3552 760 3617 ergo
783 3530 982 3594 sufficienter
1003 3529 1245 3616 probaverim,w

166 3654 182 3666 ··
207 3643 247 3696 ut
261 3633 342 3697 mihi
358 3633 500 3713 videtur,
516 3634 603 3718 qinid
618 3633 856 3697 monasterium
871 3638 1022 3698 nostrum
1037 3656 1057 3697 a
1073 3640 1218 3720 tempore

167 3751 182 3768 ⁸·
209 3736 414 3801 fundationis
437 3758 505 3801 sure
539 3735 640 3799 fuerit
672 3758 799 3801 summo
830 3737 979 3822 pontifici
1002 3737 1163 3801 donatum
1186 3743 1220 3802 et

167 3847 186 3871 ‘⁴
210 3838 282 3920 ejus
304 3840 501 3904 auctoritate
532 3838 718 3913 fundatum,
748 3840 898 3923 sequitur
929 3840 1109 3905 necessario
1133 3840 1220 3925 quod

164 3953 182 3975 ‘⁴
208 3942 257 4004 illi
280 3942 339 4005 soli
362 3949 397 4007 et
419 3941 562 4007 eeclesiae
580 3942 736 4007 Itnnanae
760 3942 804 4006 sit
826 3941 1020 4026 subjeetum,
1035 3943 1114 4026 quia
1129 3943 1220 4006 nefas

166 4058 182 4078 ¹⁶
206 4050 293 4109 esset
316 4045 422 4109 dicere
456 4044 544 4129 quod
578 4044 698 4129 aliquis
731 4044 932 4109 ordinariam
964 4049 1160 4128 potestatem
1184 4044 1219 4108 in

165 4164 181 4180 ⁴·
206 4147 304 4211 rebus
319 4152 354 4212 et
368 4148 462 4211 bonis
478 4148 597 4211 sumini
614 4147 771 4211 ordinarii
783 4146 918 4210 haberet
933 4172 940 4225 ;
964 4168 1040 4209 narn
1057 4151 1091 4210 et
1107 4147 1168 4210 hoo
1184 4145 1220 4209 in

166 4262 182 4284 ‘⁶
209 4250 419 4315 inferioribus
451 4250 592 4315 ecelesiis
615 4249 719 4313 video
774 4249 851 4313 Non
874 4248 962 4313 eninr
996 4249 1116 4334 aliquis
1139 4248 1220 4313 ‹lioe-

166 4372 183 4388 ‘⁸
209 4376 346 4418 cosanus
369 4354 539 4439 episeopus
561 4353 596 4417 in
619 4352 876 4439 possessionibus
900 4350 1146 4438 metropolitani
1169 4350 1220 4415 sui

166 4476 181 4494 ·‘
207 4456 359 4544 quamvis
382 4458 466 4520 infra
489 4456 611 4519 limites
645 4454 793 4519 dioecesis
826 4476 893 4518 sure
928 4454 999 4517 sitis
1023 4453 1220 4518 ordinariam

166 4584 181 4597 ··
207 4564 337 4626 exercet
355 4558 628 4643 jurisdictionem,
652 4557 759 4622 inulto
793 4557 912 4622 fortius
946 4578 1006 4621 neo
1028 4557 1063 4620 in
1099 4579 1220 4643 posses-

165 4676 182 4700 ¹⁴
208 4662 356 4729 sionibus
389 4661 508 4726 summi
541 4661 711 4748 pontificis.
768 4660 803 4725 Si
836 4682 914 4724 vero
945 4659 1043 4724 alicui
1079 4661 1148 4726 haec
1180 4659 1222 4726 ad
