3264 5662
489 820 692 869 cnrroureou
715 821 874 868 nannum
898 822 944 868 ne
967 820 1138 870 nvnsnnn.
1274 807 1334 868 161

283 1005 329 1070 Et
354 1005 509 1071 dominus
532 1028 617 1092 papa
637 1005 794 1092 pneeepit
808 1010 847 1070 nt
871 1004 1062 1069 exhiberem
1079 1027 1124 1079 en,
1141 1004 1498 1070 ammonianum

282 1107 328 1172 Et
358 1108 513 1172 dominus
550 1128 637 1193 papa
673 1107 815 1192 propriis
851 1106 1005 1170 manibus
1035 1108 1194 1171 tractavit
1224 1129 1271 1186 ea,
1303 1113 1337 1171 et

282 1211 390 1274 traxit
419 1232 478 1296 per
503 1210 628 1273 hollam
655 1213 840 1273 etcertum
867 1208 896 1272 si
920 1207 1005 1273 forte
1032 1214 1142 1294 posset
1168 1209 1292 1273 bullam
1316 1231 1337 1272 a

282 1311 341 1376 filo
371 1333 532 1387 amovere,
570 1316 605 1375 et
642 1310 896 1395 diligentissime
934 1310 1070 1375 intuens
1116 1333 1155 1375 ea
1196 1311 1337 1376 tradidit

282 1413 506 1477 cardinalibus
536 1412 705 1491 intuenda,
736 1416 771 1476 et
801 1434 905 1495 quum
936 1435 994 1497 per
1023 1434 1143 1498 gyrum
1170 1414 1339 1478 venissent

283 1517 405 1580 iterum
421 1516 463 1579 ad
479 1514 649 1579 dominum
673 1535 800 1600 papam,
825 1513 1000 1578 ostendens
1024 1515 1236 1600 privilegium
1253 1513 1339 1580 Oen·

283 1617 425 1681 stantini
448 1616 545 1692 dixit,
570 1623 587 1650 “
600 1614 804 1701 Hujusrnodi
830 1615 1006 1701 privilegia
1021 1637 1095 1701 qum
1111 1617 1206 1682 vohis
1222 1617 1339 1703 ignota
1352 1624 1404 1674 But
1414 1626 1474 1690 they

286 1728 302 1752 ‘¹
325 1724 414 1796 sunt,
441 1718 538 1782 nohis
561 1723 641 1781 sunt
665 1717 848 1795 notissima,
872 1739 931 1781 nec
955 1723 1089 1803 possent
1112 1718 1221 1783 falsari
1236 1744 1243 1799 ;
1256 1718 1273 1742 ''
1304 1693 1507 1822 etgptsppsnd

285 1821 462 1885 ostendens
500 1819 723 1905 indulgentias
761 1817 858 1895 dixit,
899 1819 1010 1884 “Istro
1040 1842 1127 1886 verae
1158 1820 1266 1898 snnt,''
1304 1827 1339 1887 et
1352 1824 1429 1888 Pope.

284 1923 435 1987 restitnit
465 1921 547 1986 mihi
578 1922 696 1985 omnia.
752 1919 817 1984 Sed
848 1921 990 2006 qualiter
1021 1923 1102 1986 mihi
1133 1929 1167 1988 et
1198 1924 1340 1989 ecelesiae

283 2030 321 2088 et
347 2046 455 2089 causeo
482 2029 605 2088 nostrie
629 2023 798 2087 timuerim
826 2045 927 2108 quum
959 2046 1018 2110 per
1044 2047 1163 2111 gyrum
1188 2026 1341 2091 viderent

286 2126 460 2213 privilegia
489 2124 671 2191 cardinales
698 2129 732 2188 et
759 2146 862 2210 quum
889 2124 1042 2190 dominus
1072 2149 1159 2212 papa
1182 2128 1232 2192 ita
1259 2128 1340 2191 dure

285 2250 324 2292 ea
350 2229 517 2305 tractavit,
545 2226 740 2313 supersedeo
771 2226 877 2290 dicere
901 2226 980 2311 quio
1003 2250 1070 2291 non
1096 2250 1222 2314 possem
1247 2229 1340 2292 vobis

285 2331 420 2394 edicere.
480 2330 640 2409 Quamvis
679 2327 764 2391 nihil
795 2328 877 2391 mihi
908 2329 1054 2392 conscius
1086 2351 1196 2406 essem,
1229 2336 1341 2394 tamen

285 2432 368 2495 seiri
393 2430 480 2516 qnod
509 2431 564 2494 ille
592 2430 649 2515 qui
680 2428 868 2493 habebatur
899 2452 959 2515 pro
984 2430 1122 2506 falsario,
1153 2430 1236 2494 forte
1263 2432 1342 2517 quia

287 2533 439 2620 publicus
476 2555 589 2596 cursor
626 2531 693 2596 snit
731 2531 839 2607 eurise,
877 2531 1161 2616 indulgentiarum
1200 2533 1342 2617 portitor

286 2636 362 2711 snit,
386 2641 420 2699 et
442 2635 527 2698 eirea
551 2633 726 2720 privilegia
750 2632 964 2697 Constantini
988 2634 1099 2697 omnia
1122 2632 1204 2697 mihi
1227 2634 1343 2719 ignota

287 2746 391 2801 erant.
460 2736 526 2801 Sed
566 2757 667 2820 qnnm
710 2735 892 2820 approbata
933 2735 1078 2814 suerunt,
1119 2736 1343 2800 inaestimabili

287 2839 411 2927 gaudio
435 2839 578 2924 repletus
601 2860 682 2901 sum.
729 2836 774 2901 Et
797 2836 868 2901 haee
892 2837 959 2901 suit
974 2837 1116 2901 secunda
1131 2837 1341 2903 interlocutio

289 2964 349 3027 pro
365 2942 459 3005 nohis
475 2941 562 3005 dato.
610 2939 720 3003 Prima
735 2940 823 3003 enim
842 2939 907 3004 hrit
922 2960 1021 3023 quum
1040 2940 1146 3026 primo
1162 2940 1209 3004 fui
1228 2940 1342 3006 Romae

289 3066 348 3130 pro
385 3042 569 3107 revocanda
602 3040 833 3125 jurisdictione
870 3040 1030 3127 judicum,
1069 3062 1110 3105 ne
1148 3043 1184 3105 in
1217 3042 1342 3125 jndicio

290 3145 484 3232 possessorio
500 3144 749 3219 sententiarent,
765 3165 864 3227 quam
880 3141 1161 3211 interlocutionem
1177 3144 1342 3228 propriam

291 3248 363 3333 ipsa
387 3269 472 3332 papa
501 3253 615 3331 postea
639 3245 815 3309 revocavit.
872 3245 918 3307 Et
941 3265 1042 3328 quum
1061 3243 1132 3328 jam
1156 3250 1240 3308 esset
1263 3244 1343 3308 hora

292 3347 475 3435 prandendi
499 3347 655 3432 praecepit
677 3344 831 3409 dominus
853 3367 938 3431 papa
953 3344 1042 3429 quod
1062 3346 1291 3422 recederemus
1308 3350 1344 3409 et

292 3450 381 3535 qnod
407 3448 614 3514 adversarius
640 3453 752 3512 noster
778 3447 877 3511 aliter
903 3447 1113 3532 responderet
1136 3469 1237 3532 quum
1263 3447 1344 3510 alias

292 3553 403 3616 vocati
419 3572 571 3615 essemus.
619 3549 664 3613 Et
679 3554 754 3635 post
769 3550 917 3633 triduum
940 3550 1062 3613 iterum
1085 3549 1193 3615 vocati
1212 3549 1342 3631 fuimus
1356 3545 1439 3595 Three

1400 3629 1406 3639 .
1421 3614 1428 3636 ,

291 3661 326 3720 et
342 3653 512 3741 respondit
526 3660 607 3717 tune
622 3651 827 3717 adversarius
842 3658 955 3716 noster
967 3676 1021 3715 :-—·
1354 3613 1512 3745 diffugiit,

290 3945 342 4009 De
365 3942 510 4008 scczrndo
534 3942 730 4008 consistorio
753 3949 782 4007 ct
806 3941 846 4007 de
869 3941 1044 4027 objectione
1071 3941 1346 4028 prescriptionis

650 4052 769 4110 contro
791 4044 987 4129 privilegiu.

339 4208 356 4234 “
382 4198 480 4262 Pater
504 4201 623 4275 sancte,
651 4198 679 4260 si
711 4196 885 4282 privilegia
908 4218 986 4261 vera
1009 4200 1087 4261 sunt
1110 4202 1144 4261 et
1171 4198 1347 4262 videantur
1359 4219 1488 4284 0119„an

292 4314 309 4339 ‘⁴
336 4300 463 4386 operari
496 4322 555 4386 pro
579 4301 634 4374 eie,
657 4299 699 4364 ad
727 4299 915 4362 lihertatem
948 4303 1058 4362 tamen
1091 4300 1175 4363 nihil
1207 4306 1346 4386 prosunt
1360 4295 1492 4350 argument

291 4420 306 4439 ‘·
335 4404 409 4481 illis,
434 4402 513 4486 quia
543 4402 589 4463 eis
616 4403 665 4464 nsi
697 4423 765 4464 non
796 4405 884 4477 sunt,
918 4401 1017 4464 immo
1050 4402 1192 4487 episcopi
1220 4402 1349 4487 Wigor·

293 4530 309 4542 ..
336 4526 451 4568 nenses
468 4504 664 4567 econtrario
681 4504 714 4567 in
739 4504 913 4567 monachos
937 4508 971 4566 et
988 4505 1221 4566 monasterinm
1238 4526 1348 4566 eornm

291 4622 309 4642 “
331 4608 409 4691 jure.
432 4606 598 4670 communi
623 4611 717 4670 tanto
746 4610 892 4689 tempore
926 4605 977 4667 nsi
1009 4610 1095 4675 sunt,
1127 4605 1215 4688 quod
1238 4612 1352 4669 eontra

1196 4737 1216 4783 1.
