3264 5662
520 1140 571 1205 De
590 1138 780 1206 Fautorem
802 1139 961 1227 episcopo

255 1320 415 1386 lliracula
437 1322 590 1407 quaedam
623 1323 729 1388 sancti
753 1322 864 1388 Odulfi
886 1320 929 1387 ad
951 1322 1082 1388 laudem
1114 1321 1261 1409 omnipo

208 1424 310 1490 tentis
333 1424 398 1490 Dei
429 1425 630 1512 descripturi,
653 1448 722 1512 prae
757 1426 882 1491 caeteris
913 1424 996 1491 illud
1026 1425 1161 1491 videtur
1182 1424 1262 1489 inti-

209 1527 368 1591 mandum
392 1527 480 1613 quod
505 1527 595 1593 Deus
617 1550 675 1614 per
698 1550 773 1593 eum
795 1534 973 1613 antequam
997 1527 1038 1593 de
1060 1529 1122 1594 hoc
1144 1526 1261 1593 saeculo

210 1629 367 1714 migraret
390 1630 519 1715 operari
542 1630 700 1717 dignatus
722 1637 780 1696 est.
841 1628 935 1696 Licet
966 1630 1055 1696 enim
1078 1629 1261 1718 descriptor

209 1732 288 1797 vitae
318 1731 423 1818 ipsius
457 1731 500 1795 ob
534 1733 754 1797 reverentiam
777 1731 995 1817 Trajectensis
1025 1732 1191 1818 pontificis
1225 1728 1261 1796 id

209 1835 349 1899 tacitum
366 1835 522 1911 omiserit,
545 1856 605 1899 nos
628 1840 750 1912 tamen,
773 1835 852 1920 quia
874 1855 941 1899 non
957 1854 1074 1920 parum
1098 1832 1181 1900 utile
1203 1856 1261 1898 au-

210 1936 378 2002 dientibus
412 1936 540 2013 scimus,
574 1937 793 2002 indiscussum
824 1936 987 2023 praeteriri
1017 1957 1084 2002 non
1106 1934 1260 2024 patimur.

209 2040 367 2125 Tempore
399 2039 503 2126 igitur
536 2039 786 2126 prudentissimi
825 2039 1008 2105 Frethcrici
1045 2038 1261 2124 Trajcctensis

210 2143 348 2228 episcopi
373 2142 513 2228 contigit
536 2142 671 2206 beatum
695 2140 855 2206 Odulfum
878 2142 1030 2207 assistere
1052 2141 1150 2207 ulturi
1172 2141 1262 2229 apud

210 2246 354 2311 Stauron
377 2266 442 2330 quo
458 2249 539 2309 tunc
554 2244 711 2330 temporis
734 2250 805 2309 erat
828 2244 864 2308 in
879 2242 1028 2309 Paschali
1043 2244 1261 2321 solemnitate,

209 2353 248 2412 ut
282 2347 399 2411 divina
432 2347 592 2431 mysteria
614 2346 718 2433 (sicut
749 2347 872 2433 ubique
895 2351 1058 2412 terrarum
1092 2366 1164 2411 mos
1194 2344 1263 2434 est)

211 2447 403 2514 matutinali
440 2455 588 2535 tempore
611 2448 798 2513 celebraret.
844 2448 956 2528 Quum
979 2452 1071 2514 ecce!
1099 2449 1189 2514 inter
1211 2472 1264 2515 ca·

210 2572 329 2616 nonem
356 2551 458 2636 juxta
491 2552 595 2616 altare
629 2551 741 2616 astitit
779 2553 810 2616 ei
841 2550 978 2638 angelus
1010 2550 1156 2628 Domini,
1179 2552 1263 2618 talia

211 2661 324 2720 sancto
355 2655 428 2719 viro
458 2654 586 2718 libans:
621 2662 638 2688 “
654 2652 801 2731 Festina,
827 2653 882 2717 vir
904 2652 977 2732 Dei,
1006 2654 1150 2720 velocius
1182 2655 1263 2720 mis-

209 2762 227 2792 “
249 2779 319 2820 sam
342 2755 447 2832 finire,
469 2756 580 2841 sicque
602 2762 641 2820 ut
663 2762 752 2820 astas
775 2755 1031 2821 sacerdotalibus
1053 2757 1262 2823 vestimentis

211 2870 226 2894 “
249 2858 397 2934 indutus,
429 2862 579 2922 sanctum
614 2858 748 2923 calicem
782 2857 936 2923 manibus
962 2867 1087 2936 tenens,
1110 2857 1152 2924 ad
1175 2882 1264 2925 mare

212 2972 228 2996 “
251 2961 410 3026 citissimo
435 2961 541 3047 gradu
565 2981 703 3046 propera
726 2959 858 3046 illicque
881 2960 997 3025 navim
1019 2960 1167 3028 invenies
1190 2985 1265 3048 quae

212 3074 228 3098 “
250 3069 285 3128 te
310 3063 498 3147 Trajectum
522 3070 612 3127 recto
643 3065 778 3128 tramite
809 3063 955 3128 deducet.
1002 3063 1143 3130 Festina
1155 3090 1163 3146 ;
1187 3067 1264 3151 quia.

211 3177 227 3201 “
250 3166 313 3230 nisi
344 3164 441 3229 citius
464 3165 601 3245 veneris,
625 3165 841 3250 Trajoctensis
864 3166 1015 3251 pontifex
1046 3187 1136 3232 more
1167 3169 1264 3234 solito

213 3269 385 3332 “arissam
416 3267 607 3332 solemniter
638 3268 831 3347 celebrabit,
860 3269 948 3354 quod
972 3269 999 3333 si
1021 3267 1144 3346 feeerit,
1173 3271 1263 3356 judi·

213 3379 231 3407 “
254 3373 303 3437 cio
336 3371 452 3434 divino
483 3377 619 3456 propter
641 3376 812 3456 peecatum
846 3371 935 3456 quod
969 3378 1065 3436 nocte
1099 3374 1264 3439 commisit

211 3486 227 3509 “
251 3474 382 3540 diabolo
417 3473 568 3550 traditus,
604 3472 777 3537 confestim
807 3472 1039 3539 miserabiliter
1071 3474 1264 3560 projicietur

212 3587 229 3613 “
252 3581 287 3643 in
335 3578 501 3643 infernum
551 3575 785 3664 sepeliendus.”
854 3577 937 3643 Haec
978 3579 1096 3666 angelo
1133 3578 1264 3646 dicente

211 3703 379 3769 genusque
411 3682 538 3767 peccati
576 3681 724 3745 seriatim
768 3680 1013 3759 manifestante,
1048 3682 1090 3746 ab
1127 3689 1263 3770 aspectu

211 3783 387 3849 sacerdotis
410 3782 498 3847 dicto
529 3783 628 3847 citius
664 3783 808 3848 evanuit.
870 3784 918 3848 At
955 3792 1089 3850 sanctus
1123 3783 1264 3851 Odulfus

211 3910 309 3974 quam
345 3885 481 3951 celerius
514 3885 627 3971 potuit
664 3884 837 3948 missarum
871 3906 963 3949 sacra
993 3906 1160 3973 peragens,
1185 3909 1264 3952 mox

210 3991 296 4055 sicut
313 3988 443 4073 jussum
467 3987 531 4052 sibi
554 3988 670 4063 fuerat,
698 3986 830 4051 calicem
858 3988 1008 4053 manibus
1031 3987 1137 4054 ferens
1159 4011 1263 4054 sacer-

211 4092 439 4176 dotalibusque
487 4089 694 4154 vestimcntis
739 4088 886 4164 indutus,
924 4089 967 4153 ad
1010 4112 1099 4155 maro
1136 4093 1261 4158 nemini

211 4195 385 4282 quicquam
400 4194 512 4257 dicens
528 4192 654 4256 concite
669 4192 874 4277 properabat.
915 4192 989 4258 Hoc
1003 4214 1137 4258 comens
1153 4196 1260 4261 omnis

212 4299 350 4385 populus
367 4296 600 4361 Stauronensis
623 4316 762 4379 eumque
785 4300 950 4359 amentem
973 4295 1115 4373 credens,
1138 4298 1262 4375 mirari,

211 4400 437 4484 unusquisque
471 4398 573 4460 aliurn
607 4396 772 4482 respicere,
801 4395 879 4480 quid
903 4396 987 4460 illud
1010 4397 1153 4485 prodigii
1176 4407 1262 4466 esset

212 4506 413 4586 interrogare
437 4521 534 4584 seque
558 4500 687 4585 signare
711 4503 882 4584 caeperunt
894 4524 902 4578 ;
934 4499 992 4563 sed
1015 4501 1126 4564 nullus
1149 4524 1261 4568 eorum

212 4604 361 4686 e1·atqui
386 4602 486 4665 alium
510 4624 608 4687 super
638 4601 699 4663 hac
731 4623 766 4664 re
798 4601 931 4665 edocere
964 4603 1069 4681 sciret.
1117 4603 1261 4670 Veniens

212 4709 324 4790 itaque
347 4705 389 4767 ad
413 4725 503 4769 mare
535 4703 703 4789 piissimus
738 4709 833 4787 pater
856 4702 1000 4769 Odulfns
1025 4726 1142 4772 navem
1168 4729 1266 4793 para-

1319 1330 1388 1381 al).

1307 1415 1329 1449 c.
1340 1403 1397 1449 830.
