3264 5662
424 793 629 847 cusculcou
652 792 812 842 sussum
835 793 883 840 ns
905 791 1077 841 sumnum
1214 775 1279 840 233

229 980 471 1045 “industriam
502 985 537 1045 et
563 978 754 1056 cautelam,’'
784 1000 851 1043 non
882 1000 960 1065 ergo
982 1001 1040 1065 per
1070 979 1280 1054 sententiam,
1292 988 1359 1039 nl).
1375 996 1446 1041 1213.

228 1083 284 1147 sed
308 1082 396 1147 facta
419 1083 631 1168 inquisitione
654 1102 812 1167 supereo
835 1081 924 1165 quod
946 1103 1004 1165 per
1026 1080 1096 1165 ejus
1118 1081 1280 1146 cautelam

229 1184 348 1270 corrigi
372 1205 439 1248 non
461 1187 581 1270 potest,
604 1183 665 1247 fiat
688 1182 807 1247 relatio
830 1181 874 1246 ad
901 1181 1073 1247 dominum
1095 1205 1215 1270 papam
1241 1187 1282 1246 ut

230 1285 297 1371 ipse
320 1307 379 1370 per
400 1285 601 1350 sententiam
632 1284 785 1369 corrigat.
832 1283 910 1347 Non
943 1284 1032 1348 enim
1066 1285 1163 1350 aliter
1196 1288 1283 1350 esset

230 1386 417 1451 caenobium
440 1386 681 1450 Eveshamense
715 1383 796 1449 soli¹
823 1385 971 1450 Romano
1005 1385 1154 1471 pontifici
1176 1391 1211 1450 et
1234 1407 1283 1450 ec·

231 1487 334 1553 elesiae
358 1486 516 1553 Romanae
539 1487 733 1572 subjectum,
757 1487 786 1550 si
817 1485 919 1550 abbas
948 1486 992 1551 ab
1021 1487 1086 1552 alio
1110 1509 1209 1572 quam
1238 1487 1282 1551 ab

232 1588 300 1674 ipso
334 1593 442 1675 posset
476 1587 602 1675 deponi.
661 1587 713 1651 Ex
745 1587 883 1652 adverso
915 1593 1028 1653 autem
1060 1589 1186 1654 dictum
1218 1588 1283 1653 furit

231 1690 318 1775 quod
341 1692 492 1776 quamvis
515 1690 668 1756 dominus
699 1690 958 1776 archiepiscopus
992 1690 1038 1754 sit
1069 1696 1162 1756 tutor
1183 1691 1282 1755 eccle·

230 1791 574 1871 cinomannensis,
604 1791 820 1856 nihilominus
858 1797 972 1857 tamen
1006 1791 1160 1857 dominus
1198 1814 1284 1878 papa

228 1915 341 1959 curam
376 1895 561 1958 animarum
594 1893 738 1979 ejusdem
771 1893 834 1959 loci
866 1893 897 1958 ei
932 1900 971 1959 ut
993 1916 1052 1959 suo
1083 1894 1207 1959 vicario
1229 1894 1284 1960 vel

229 1996 339 2081 legato
361 1997 526 2060 commisit
548 1995 634 2061 sicut
667 1997 703 2060 in
723 1995 840 2061 eodem
872 1996 1044 2083 privilegio
1074 1997 1285 2076 continetur;

226 2119 306 2183 crgo
345 2096 596 2162 clarescentibus
629 2097 734 2183 culpis
766 2096 903 2162 videtur
935 2097 1055 2163 habere
1089 2103 1284 2185 potestatem

227 2199 416 2284 deponendi
454 2199 607 2264 abbatem
645 2199 731 2264 sicut
768 2199 870 2264 habet
906 2199 976 2285 ipse
1007 2200 1170 2286 delegans.
1229 2201 1285 2265 Ad

225 2303 319 2386 quod
340 2300 406 2366 fuit
428 2323 620 2386 responsum
644 2301 732 2386 quod
754 2301 904 2366 fortassis
935 2302 996 2367 hoc
1019 2301 1125 2367 locum
1148 2302 1286 2368 haberet

225 2403 294 2466 nisi
332 2403 402 2487 ejus
440 2402 589 2488 specialis
627 2403 749 2489 legatio
787 2425 845 2488 per
876 2404 1085 2488 praesentiam
1122 2405 1285 2490 generalis

228 2505 332 2590 legati
362 2508 447 2570 esset
477 2526 643 2590 suspensa
690 2505 744 2568 Ex
767 2504 905 2569 adverso
928 2526 1008 2570 vero
1030 2505 1095 2569 suit
1118 2506 1244 2572 dictum
1267 2528 1285 2571 e

226 2607 394 2671 (ontrario
418 2607 507 2691 quod
528 2607 689 2692 generalis
723 2607 846 2692 legatio
869 2627 937 2670 non
959 2606 1163 2672 extendebat
1185 2629 1219 2671 se
1241 2608 1285 2672 ad

231 2708 506 2774 Eveshameusem
537 2708 705 2774 ecclesiam
735 2708 814 2793 quia
844 2709 880 2772 in
903 2730 941 2773 ea
971 2707 1011 2773 de
1034 2709 1166 2794 speciali
1195 2709 1288 2774 nulla

230 2810 319 2875 fucta
341 2811 406 2875 fuit
428 2811 563 2875 mentio.
596 2809 702 2875 Nobis
725 2810 838 2895 itaque
860 2811 894 2874 in
918 2810 1005 2875 hunc
1029 2812 1163 2876 modum
1186 2813 1286 2877 alter-

232 2913 384 2976 cantibus
415 2917 450 2977 et
482 2912 725 2988 dubitantibus,
749 2911 842 2976 nulla
863 2934 961 2997 super
983 2913 1035 2977 his
1057 2920 1148 2978 certa
1170 2914 1286 2979 habita

234 3013 434 3090 definitione,
459 3035 524 3077 non
548 3013 720 3099 proficiens
753 3014 788 3076 in
821 3015 986 3099 proposito
1010 3037 1083 3079 meo
1106 3017 1228 3091 recessi,
1252 3023 1286 3080 et
1299 3017 1393 3068 Marte·

234 3123 362 3181 secutus
395 3137 467 3178 sum
495 3115 666 3179 dominum
698 3115 844 3200 legatum
879 3137 966 3200 saepe
998 3117 1177 3181 sollicitans
1211 3140 1286 3181 eum
1300 3086 1446 3199 Ἑξξξξω,

235 3241 330 3304 super
352 3217 497 3304 cogendo
519 3217 676 3282 abbatem
708 3218 751 3281 ad
773 3217 970 3281 solutionem
994 3219 1159 3303 praedictae
1192 3216 1438 3330 pecu-¹⁸0¹s10the

235 3321 320 3398 nim3
354 3321 482 3384 nullum
514 3326 627 3384 tamen
662 3324 788 3384 certum
823 3339 1015 3403 responsum
1048 3321 1142 3405 potui
1174 3321 1216 3385 ab
1248 3344 1286 3385 eo
1308 3290 1387 3347 ψ’

236 3423 375 3508 recipere
395 3423 497 3487 donec
518 3422 722 3486 venissemus
746 3421 918 3486 Oxoniarn.

240 3736 395 3820 Qualiter
427 3738 558 3822 tapetas
589 3735 787 3821 parceceperit
822 3733 956 3802 Ttomoe
993 3740 1158 3806 intonante
1195 3745 1288 3829 quod

324 3845 452 3904 statuat
489 3836 628 3903 ecclesiae
659 3835 919 3903 Eveehumenaie
952 3838 985 3904 ei
1016 3839 1207 3923 intimaret,
1230 3845 1287 3910 ta-

325 3961 467 4026 crepoae
490 3961 570 4004 eum
592 3939 682 4024 qood
703 3939 825 4024 absque
851 3939 1008 4023 pasione
1041 3941 1100 4007 boc
1137 3965 1210 4009 non
1234 3946 1289 4031 se-

326 4043 418 4108 serit.

282 4182 392 4263 Quum
424 4183 527 4269 igitur
557 4186 642 4247 esset
672 4203 744 4246 sero
774 4181 828 4245 die
858 4204 927 4246 una
957 4184 1169 4250 sabbatorum
1200 4194 1288 4273 post
1303 4198 1425 4251 fleure-

243 4306 333 4368 quam
357 4286 508 4349 venimus
533 4283 709 4364 Osoniam,
732 4282 899 4348 assidente
931 4285 961 4348 ei
985 4286 1143 4371 praedicto
1166 4288 1289 4356 decano
1303 4268 1428 4397 {md

243 4385 479 4452 Saresburiensi
503 4392 537 4450 et
559 4385 691 4450 domino
715 4385 887 4463 Pandulfo,
910 4387 1042 4452 vocavit
1064 4410 1116 4453 me
1139 4390 1291 4460 dominus
1304 4400 1385 4466 lenate
1395 4400 1435 4451 ror

1080 4565 1288 4580 -....-—-

640 4641 645 4668 ¹
659 4638 717 4705 aa]
732 4640 794 4700 aa,
807 4640 862 4690 ns.
