3264 5662
420 811 622 863 cssourcor
644 811 801 862 maaria
823 813 870 862 na
893 812 1060 862 massan.
1223 801 1265 864 43

211 993 356 1074 veniret,
381 1016 538 1081 suamque
565 996 654 1060 illam
680 1001 802 1062 temam
825 1020 894 1063 esse
918 999 952 1062 in
979 1020 1045 1084 qua
1069 998 1267 1062 consistebat
1279 1007 1428 1060 aliosve.

208 1094 349 1179 juraret
392 1098 560 1164 Concessit
585 1099 744 1166 arridenti
768 1102 880 1166 animo
905 1102 1054 1180 rusticus,
1080 1100 1182 1187 pluris
1207 1100 1266 1165 ha·

214 1197 296 1264 bens
312 1199 447 1266 obolum
463 1224 562 1288 quam
576 1202 768 1288 abjurandae
790 1205 867 1269 fidei
890 1225 957 1271 suae
979 1204 1164 1292 periculum.
1212 1203 1266 1269 Ad

214 1301 302 1367 diem
317 1325 396 1390 crgo
411 1311 573 1370 statutum
596 1327 662 1392 qua
683 1309 976 1372 controversiarum
999 1308 1074 1372 finis
1097 1307 1266 1372 habendus

216 1413 297 1486 erat,
327 1412 469 1494 uterque
498 1409 541 1473 ad
570 1409 677 1474 locum
715 1411 858 1491 accessit,
890 1411 1033 1476 subituri
1070 1411 1266 1476 sententiam

217 1531 315 1595 qnam
345 1534 444 1599 super
466 1510 526 1577 hac
557 1534 592 1576 re
617 1512 703 1599 juris
734 1536 771 1578 ac
808 1513 890 1600 legis
920 1514 1018 1602 periti
1049 1513 1265 1579 decreverant

218 1611 353 1678 Summo
384 1637 480 1679 mane
510 1615 611 1701 ipsius
642 1616 706 1681 diei
745 1617 833 1703 prior
866 1617 1014 1697 ecclesiae,
1046 1617 1099 1681 vir
1138 1639 1265 1681 momm

219 1716 425 1782 venerandus
456 1716 626 1783 honestate
665 1727 698 1784 et
739 1727 872 1784 actuum
914 1719 1089 1806 probitate,
1132 1721 1264 1785 nominc

220 1816 380 1896 wiredus,
396 1826 474 1886 ante
497 1822 603 1886 sancti
626 1822 782 1908 reliquias
805 1823 897 1887 humi
924 1828 1116 1910 prostratus,
1144 1823 1264 1888 obnixe

220 1919 274 1986 din
288 1924 399 1988 oravit
410 1948 419 2003 ;
441 1946 537 1989 orans
562 1924 683 1990 Decet
708 1932 820 1991 sancto
843 1947 973 1991 causam
989 1948 1081 1991 suam
1104 1947 1265 1991 commen·

220 2023 333 2106 davit3
364 2028 618 2093 commendando
646 2035 770 2115 septem
808 2029 948 2116 psalmos
978 2052 1059 2115 quos
1096 2051 1138 2095 ex
1176 2052 1265 2094 more

221 2129 458 2214 poenitentiales
496 2131 618 2208 dicrmt,
655 2132 857 2218 lachrymosa
895 2133 1027 2198 omnino
1069 2133 1265 2198 decantavit.

222 2230 384 2299 Peroratis
422 2235 612 2320 suppliciter
642 2235 784 2320 psahnis‚
823 2236 942 2300 fratres
979 2242 1018 2299 ut
1058 2235 1119 2301 hoc
1156 2234 1265 2322 ipsum

224 2343 355 2422 egerent
381 2359 584 2424 summopere
614 2337 808 2418 admonuit;
838 2345 872 2403 ct
901 2360 976 2403 cum
1006 2337 1155 2423 reliquiis
1178 2338 1266 2403 beati

224 2436 372 2526 Eegwini
386 2440 429 2504 ad
453 2439 654 2505 subeundam
672 2441 790 2527 judicii
805 2463 975 2507 censuram
999 2442 1110 2528 pergit
1134 2443 1211 2527 ipse,
1234 2446 1268 2505 et

225 2563 354 2608 comeo
380 2543 522 2630 plurima
552 2544 689 2609 flatrum
719 2543 910 2609 midtitudo.
975 2543 1083 2608 Affnit
1110 2549 1268 2631 exparte

225 2645 284 2710 alia
313 2648 500 2711 rusticanus
527 2669 601 2711 cum
631 2647 737 2712 multo
768 2649 964 2713 misticorum
994 2648 1151 2726 tumultu,
1167 2659 1267 2734 atque
1364 2713 1370 2724 ,

226 2748 546 2836 tergiversationibus
568 2750 734 2836 populosis
768 2773 836 2816 rem
859 2751 993 2816 turbare
1020 2774 1058 2817 ac
1080 2773 1195 2817 verum
1218 2750 1267 2816 in·

226 2852 367 2937 quietare
381 2857 551 2918 conantur.
593 2852 739 2918 Tandem
754 2853 940 2940 compulsus
955 2859 1006 2919 est
1020 2853 1064 2918 ad
1087 2877 1267 2919 sacramen-

226 2961 289 3020 tum
305 2955 620 3022 aecedererusticus.
656 2957 847 3044 Sumpserat
862 2957 903 3022 de
919 2957 1014 3022 domo
1026 2980 1085 3023 sua
1100 2958 1266 3045 pulverem

225 3064 299 3125 cleo
322 3059 510 3124 subtulares
535 3082 609 3125 suos
636 3060 836 3146 impleverat,
863 3066 902 3125 ut
925 3066 1000 3125 tuto
1019 3061 1133 3147 jurare
1156 3067 1267 3148 posset

226 3163 305 3248 qnod
336 3185 438 3250 supra
466 3167 586 3242 terram
612 3185 706 3227 suam
733 3164 930 3229 consisteret,
988 3163 1017 3230 0
1047 3186 1123 3230 vere
1146 3165 1267 3230 rustica

226 3264 300 3351 (non
323 3266 398 3331 dico
428 3267 552 3332 astutia
582 3263 654 3351 sed)
681 3266 833 3345 stultitia,
856 3267 910 3332 vel
931 3265 1066 3332 fortasse
1090 3268 1169 3332 satis
1192 3290 1267 3332 con-

226 3367 316 3456 digne
347 3368 471 3434 rustica
501 3369 629 3434 dicetur
659 3370 804 3435 astutia!
861 3369 1098 3435 Arbitrabatnr
1122 3370 1267 3435 fortassis

226 3473 305 3557 quod
329 3472 440 3538 Deum
455 3473 556 3537 latere
578 3480 686 3559 posset
708 3474 797 3537 fraus
820 3495 893 3559 quae
908 3473 946 3537 in
960 3472 1097 3539 tellure¹
1127 3473 1267 3554 lateret3

227 3579 257 3638 at
284 3576 387 3641 etiam
420 3577 456 3639 in
486 3575 647 3641 subtulari
678 3576 767 3642 Deus
797 3576 946 3641 fraudem
976 3578 1090 3643 rustici
1125 3599 1267 3664 compre-

227 3673 344 3745 hendit.
399 3678 488 3742 Nam
503 3679 561 3744 ubi
576 3680 719 3745 rusticus
735 3681 803 3766 ipsc
834 3680 878 3745 ad
911 3680 1066 3766 reliquias
1096 3681 1267 3766 juraturus

227 3801 353 3848 manum
368 3783 523 3868 porrexit,
539 3782 643 3846 ferreo
667 3781 818 3847 falcastro
835 3784 922 3868 quod
938 3785 974 3848 in
989 3806 1089 3849 manu
1105 3787 1265 3872 gestabat,

229 3886 326 3951 nescio
351 3907 417 3971 quo
433 3908 517 3963 casu,
536 3886 570 3949 in
595 3885 726 3950 cerebro
749 3908 927 3973 percussus,
949 3887 1060 3952 subito
1082 3889 1125 3953 ad
1145 3893 1265 3953 terram

230 3995 370 4054 mortuus
399 3991 482 4070 ruit3
513 3994 547 4054 et
562 3988 788 4076 ignominiosa,
813 3990 869 4054 sed
893 3990 983 4075 quali
1007 3990 1100 4055 illum
1124 3991 1266 4068 decebat,

230 4097 325 4157 morte
355 4091 460 4157 vitam
490 4114 564 4156 cum
594 4104 684 4157 terra
714 4093 819 4157 sancti
846 4114 953 4157 coram
976 4095 1127 4159 omnibus
1149 4094 1266 4160 amisit.

232 4190 295 4260 Hoc
319 4194 443 4261 divinae
472 4195 733 4260 comminationis
767 4202 888 4262 terrore
923 4202 957 4261 et
991 4196 1048 4282 qui
1071 4198 1208 4263 aderant
1233 4203 1268 4264 et

232 4297 278 4380 qni
313 4298 409 4385 longe
444 4299 573 4384 lateque
604 4299 783 4365 audiebant
817 4300 979 4378 exterriti,
1011 4301 1130 4367 exinde
1159 4301 1265 4368 locum

283 4543 289 4546 -
307 4541 558 4550 .—-0-‚---—m-.-.-.-.
570 4543 584 4549 .—
596 4541 685 4549 ῳ...-
696 4542 767 4550 >—.-.
923 4544 1264 4556 „saw-...-

618 4662 625 4694 ¹
636 4662 731 4732 tellure]
744 4665 834 4729 telluri,
847 4667 902 4718 MS.
