3264 5662
401 799 604 857 camaeleon
626 799 786 854 ABBATIAE
808 800 1049 854 osavreum.
1075 810 1079 819 '
1187 787 1248 852 141

466 1225 603 1292 Iuerrrr
626 1225 830 1291 Parmense
853 1225 994 1292 Tarum.

213 1375 256 1444 De
269 1373 395 1444 itinere
409 1374 541 1442 obbatis
554 1380 585 1441 et
602 1373 736 1440 Ttomoe
751 1374 919 1453 monachi,
934 1381 965 1442 et
988 1375 1101 1444 came
1114 1374 1254 1447 abacis

405 1476 598 1556 medem,
613 1476 661 1544 ad
683 1476 824 1547 cendum
846 1477 1052 1546 samam.

251 1633 476 1700 Veruntamen
498 1639 645 1721 tempore
675 1634 897 1699 restitutionis
933 1633 1076 1722 episcopi
1099 1634 1253 1702 dominus
1266 1634 1416 1686 *HJ-¹2⁰4·

215 1736 306 1801 abbas
329 1741 365 1801 et
387 1757 447 1823 ego
470 1735 623 1802 absentes
645 1735 776 1802 fuimus.
837 1735 1019 1803 Publicatis
1041 1737 1130 1802 enim
1152 1713 1414 1831 attes-ffiffl'ss

216 1840 399 1917 tationibus,
437 1841 531 1925 quasi
575 1839 747 1904 certificati
793 1862 920 1906 eramus
956 1841 997 1907 de
1041 1842 1253 1908 restitutione
1265 1848 1406 1913 berseprc

215 1942 348 2030 episcopi
386 1941 494 2028 quoad
528 1941 792 2028 jurisdictionem
826 1943 862 2007 in
899 1944 1095 2009 monasterio
1132 1949 1253 2022 nostre,
1266 1914 1411 2044 ffifjffm,

216 2045 308 2110 abbas
338 2066 415 2110 vero
454 2045 574 2109 timens
603 2065 646 2110 ne
677 2045 826 2132 episcopo
856 2047 1011 2113 restituto
1041 2069 1116 2113 eum
1146 2053 1355 2113 eoramnerto

216 2149 277 2234 ipso
299 2168 531 2226 accusaremus,
556 2148 707 2233 quamvis
737 2148 799 2213 hoc
821 2171 897 2213 eum
926 2149 1043 2214 timere
1065 2170 1134 2215 non
1163 2113 1354 2235 opor-3⁰⁰¹&

217 2255 293 2315 teret
323 2256 458 2337 propter
487 2250 679 2336 praedictam
711 2252 956 2337 promissionem
985 2257 1140 2329 nostram,
1171 2253 1257 2317 sicut

218 2374 252 2416 ex
285 2358 359 2438 post
383 2351 472 2417 facto
495 2352 622 2432 claruit,
647 2355 682 2416 et
712 2374 772 2417 nos
795 2357 876 2417 tunc
910 2353 941 2417 ei
964 2354 1083 2440 saepius
1116 2354 1177 2418 hoc
1199 2375 1256 2418 ex-

218 2455 391 2540 pressimus,
414 2459 528 2519 tamen
550 2455 750 2542 praeparavit
784 2477 817 2520 se
844 2460 884 2521 ut
915 2456 1040 2520 curiam
1076 2455 1257 2520 Romanam

219 2558 322 2635 adiret,
338 2580 396 2645 per
417 2557 479 2622 hoc
501 2563 535 2622 et
558 2579 763 2623 communem
786 2557 928 2624 eeclesiae
950 2557 1131 2624 utilitatem
1146 2581 1257 2623 veram

220 2683 339 2725 mursam
377 2660 507 2725 itineris
541 2660 592 2724 sui
624 2661 798 2726 occultans.
844 2659 971 2726 Timuit
1001 2661 1089 2725 enim
1115 2662 1258 2726 maxime

221 2764 529 2851 compromissionem
564 2786 663 2850 quam
689 2763 869 2829 feceramus
893 2766 930 2829 in
960 2764 1130 2830 dominum
1152 2765 1258 2830 archi-

221 2866 395 2952 episcopum
418 2870 453 2931 et
476 2865 654 2931 coarbitros
680 2888 763 2944 suos,
786 2888 895 2932 eoram
917 2869 1038 2954 quibus
1057 2869 1165 2956 parati
1188 2892 1257 2935 cra-

221 2992 290 3046 mus,
313 2971 414 3033 immo
437 2969 603 3034 instanter
616 2969 803 3055 petivimus,
819 2992 894 3036 eum
917 2993 1068 3038 accusare
1091 2973 1258 3058 usquead

221 3072 454 3158 depositionem,
470 3095 569 3157 quam
592 3074 910 3159 compromissionem
932 3076 1074 3161 effugere
1089 3077 1202 3140 volens
1225 3078 1260 3138 et

221 3181 325 3239 contra
348 3198 419 3239 eam
443 3175 569 3260 aliquid
591 3175 775 3261 impetrare,
791 3179 925 3263 cupiens
947 3183 986 3241 ut
1008 3199 1042 3241 se
1065 3201 1085 3240 a
1105 3177 1259 3240 manibus

223 3277 336 3341 nostris
360 3277 524 3354 liberaret,
555 3298 762 3363 nequaquam
790 3299 823 3343 sc
846 3278 889 3342 ab
911 3279 1030 3344 itinere
1057 3279 1257 3343 desisturum

221 3380 375 3464 praedixit.
422 3378 618 3446 Conventus
640 3402 719 3445 vero
742 3380 813 3466 ejus
830 3380 991 3445 malitiam
1014 3403 1081 3446 non
1103 3381 1257 3466 ignorans

221 3501 420 3569 nequaquam
444 3503 478 3546 se
502 3487 536 3548 et
559 3505 688 3548 causam
712 3483 856 3549 ecclesiae
879 3506 947 3550 suae
970 3485 999 3548 ei
1023 3485 1257 3564 committebat,

221 3586 268 3649 sed
291 3586 446 3650 atebatem
469 3585 594 3650 adhoc
618 3585 765 3663 induxit,
800 3587 878 3652 licet
902 3588 969 3666 vix,
993 3589 1081 3675 quod
1104 3612 1165 3670 mc,
1182 3589 1261 3675 quia

216 3687 290 3771 juris
314 3689 439 3774 peritus
461 3710 549 3752 eram
572 3694 608 3753 et
629 3689 747 3754 merita
769 3711 874 3755 causae
897 3695 1017 3758 nostrae
1040 3713 1204 3771 noveram,
1221 3693 1261 3758 dc

221 3791 376 3855 communi
399 3812 532 3855 assensu
555 3797 798 3878 procuratorem
821 3795 925 3858 totius
948 3818 1054 3861 causae
1076 3819 1183 3861 eoram
1206 3796 1262 3860 do

221 3895 410 3980 minopapa
431 3895 681 3959 constituerunt.
728 3894 793 3960 Sed
816 3918 875 3961 nec
897 3896 1000 3962 abbas
1022 3921 1056 3963 se
1078 3898 1161 3962 mihi
1176 3920 1262 3963 com-

221 3997 378 4073 mittebat,
405 3997 462 4062 sed
485 3995 620 4061 socium¹
646 3997 775 4062 itineris
804 3999 968 4083 quendam
991 4000 1142 4065 clericum
1165 4022 1261 4064 suum

221 4096 373 4163 Thomam
397 4097 437 4162 de
450 4097 653 4163 Warrewikc
676 4099 758 4163 mihi
775 4100 874 4176 dedit,
890 4101 958 4186 ipse
973 4122 1051 4164 vero
1073 4102 1163 4166 lento
1179 4102 1262 4190 pede

220 4200 478 4286 subsequebatur.
518 4200 563 4264 Et
586 4207 762 4288 antequam
784 4202 850 4267 iter
872 4204 1094 4289 arriperemus,
1110 4205 1263 4270 dominus

221 4304 314 4367 abbas
337 4308 371 4368 et
394 4325 454 4390 ego
474 4309 508 4367 et
530 4303 708 4390 praedictus
723 4306 858 4371 clericus
875 4307 1063 4392 juravimus
1077 4306 1262 4374 adinvicem

221 4407 301 4489 quod
322 4406 358 4469 in
384 4407 489 4470 causis
512 4407 653 4471 ecclesiae
676 4413 745 4472 tam
768 4409 909 4473 realibus
925 4432 1022 4495 quam
1038 4411 1262 4496 personalibus

223 4509 355 4593 ‹prilibet
378 4514 525 4573 nostruin
559 4509 653 4574 alteri
687 4511 721 4573 in
756 4510 816 4575 hoc
851 4513 966 4578 itinere
989 4511 1129 4579 fideliter
1151 4536 1184 4580 se
1207 4516 1263 4580 ha-

568 4799 574 4827 ¹
587 4799 689 4864 omium]
701 4800 804 4862 sotium,
817 4801 872 4853 MS.
