3264 5662
480 805 681 857 cnuoulcou
704 802 861 853 anesus
884 805 931 852 nn
953 801 1123 852 nvasnau.
1263 783 1328 855 277

283 995 435 1058 venerint
458 993 524 1057 illic
547 994 691 1057 abbates.
738 991 830 1057 Emit
854 992 955 1056 etiam
983 1013 1097 1077 capam
1121 990 1161 1054 de
1184 988 1329 1053 examito
1381 979 1451 1099 lis}

282 1120 359 1161 auro
383 1119 481 1182 super
503 1096 676 1160 intextam.
711 1094 820 1174 Quum
848 1095 948 1159 etiam
970 1094 1103 1159 ecclesia
1125 1093 1165 1157 de
1192 1091 1329 1155 Weston
1429 1085 1451 1100 ”’

283 1220 380 1283 prope
404 1198 503 1262 finem
527 1198 662 1263 secundi
678 1198 756 1260 anni
772 1196 1010 1262 benedictionis
1029 1195 1158 1260 abbatis
1174 1198 1329 1268 vaccasset,

283 1306 315 1365 et
347 1300 449 1366 abbas
480 1301 601 1365 multos
635 1299 770 1364 haberet
802 1299 1004 1364 adversarios
1038 1303 1073 1363 et
1106 1302 1255 1383 potentes
1277 1317 1331 1381 pe-

268 1410 389 1488 ·mntes
407 1402 465 1488 jus
487 1409 681 1489 patronatus
714 1402 858 1488 ejusdem
886 1401 1034 1488 ecclesiae,
1058 1400 1160 1465 abbas
1195 1397 1330 1463 tandem

283 1505 429 1569 obtinuit
452 1529 526 1570 cum
549 1507 736 1592 sumptibus
758 1511 871 1570 tamen
894 1505 1068 1590 plusquam
1091 1510 1224 1568 centum
1247 1523 1332 1565 mar-

284 1630 402 1682 carum,
426 1614 460 1673 et
482 1609 659 1673 institutus
681 1613 731 1673 est
763 1609 798 1671 in
821 1595 946 1672 eadem
968 1606 1102 1671 ecclesia
1133 1606 1265 1670 clericus
1288 1604 1331 1669 ad

284 1712 570 1797 praesentationem
608 1710 746 1775 abbatis.
811 1709 876 1776 Sed
905 1709 1055 1795 quamvis
1085 1709 1134 1774 ita
1162 1706 1331 1772 liberasset

285 1813 520 1878 monasterium
544 1814 633 1877 omni
657 1835 719 1878 aere
742 1812 858 1891 alieno,
882 1813 928 1878 sic
951 1812 1037 1896 quod
1068 1809 1180 1875 nullus
1205 1813 1332 1895 peteret

286 1915 410 1999 aliquid
440 1915 481 1978 ab
514 1939 551 1979 eo
573 1916 609 1980 in
636 1919 701 1980 fine
732 1914 866 1979 secundi
896 1915 976 1978 anni
1007 1912 1242 1978 installationis
1264 1932 1332 1976 suae

285 2019 376 2102 cujus
406 2018 480 2082 aeris
512 2023 620 2104 partes
643 2025 677 2082 ct
708 2018 927 2103 quantitatem
952 2038 1018 2081 uon
1045 2016 1232 2080 memoriter
1257 2013 1333 2079 reti-

286 2121 369 2197 nuit,
394 2120 550 2184 Romanis
583 2126 694 2185 tamen
728 2119 943 2185 creditoribus
975 2141 1042 2184 non
1068 2118 1234 2193 satisfecit,
1257 2115 1335 2201 quia

285 2223 395 2288 nullus
431 2223 581 2288 debitum
605 2223 688 2288 illud
711 2224 809 2309 petiit
831 2245 890 2288 nec
917 2223 1015 2287 scivit
1044 2221 1146 2286 abbas
1176 2220 1228 2285 cui
1250 2217 1333 2283 illud

287 2325 428 2391 deberet.
490 2327 595 2390 Scivit
630 2331 743 2390 tamen
783 2327 871 2411 quod
905 2325 1007 2410 siquis
1038 2329 1154 2411 petens
1183 2323 1333 2401 instaret,

288 2433 415 2514 peteret
437 2428 479 2493 ab
502 2450 539 2493 eo
562 2429 737 2515 plusquam
760 2433 922 2493 trecentas
945 2448 1091 2507 marcas;
1122 2430 1157 2491 et
1183 2424 1335 2512 quamvis

288 2539 495 2596 conservaret
518 2531 685 2596 ecclesiam
708 2532 754 2596 sic
785 2531 827 2595 ab
851 2553 915 2596 aere
938 2531 1052 2616 abeno,
1085 2536 1198 2594 tamen
1228 2527 1335 2593 adhu'c

288 2656 353 2699 non
377 2635 546 2699 redierunt
570 2635 606 2698 in
629 2656 746 2698 manus
769 2656 843 2698 suas
866 2632 942 2721 (nec
964 2632 1080 2697 multis
1102 2633 1199 2696 armis
1223 2637 1336 2719 postea

290 2736 444 2821 redirent)
464 2743 559 2822 prata
581 2736 622 2801 de
639 2735 787 2801 Burtone
803 2743 837 2800 et
852 2736 893 2800 de
909 2735 1120 2814 Bradewelle,
1136 2757 1211 2821 quae
1234 2735 1335 2799 abbas

291 2838 507 2925 Randulphus
537 2862 595 2924 pro
619 2839 768 2905 ducentis
791 2838 908 2903 marcis
938 2843 972 2903 et
994 2837 1143 2925 pluribus
1174 2837 1336 2923 impigno-

291 2942 379 3005 ratit
402 2940 596 3027 Templariis
620 2941 660 3006 de
685 2941 854 3027 Gutinges.
902 2940 967 3005 Hic
990 2941 1091 3006 etiam
1114 2940 1216 3004 abbas
1238 2940 1338 3005 tertio
1354 2967 1425 3013 maa.

291 3065 377 3107 anno
401 3043 636 3107 installationis
652 3065 728 3120 suae,
745 3044 847 3107 tertio
870 3041 1028 3107 kalendas
1044 3041 1169 3119 Martii,
1191 3041 1268 3106 fecit
1283 3040 1339 3107 de-

292 3145 392 3209 dicari
416 3145 573 3231 capellam
596 3147 702 3210 sancti
719 3144 864 3209 Wistani
887 3167 985 3230 quem
1008 3145 1077 3230 ipse
1100 3147 1337 3219 construxerat,
1353 3169 1456 3236 [‘⁴sere-

292 3255 329 3312 ut
352 3247 443 3334 prius
467 3247 590 3312 dietum
607 3255 675 3327 est3
706 3252 740 3312 et
763 3247 833 3312 dati
856 3253 934 3311 sunt
957 3247 1176 3333 quadraginta
1198 3245 1267 3310 dies
1286 3267 1336 3310 re·
1351 3237 1454 3368 Μὲἒνέ]

292 3350 470 3414 laxationis
507 3351 680 3416 annuatim
712 3351 749 3414 in
783 3350 1005 3414 anniversario
1038 3348 1180 3433 ejusdem
1209 3327 1373 3413 dedica-⁹⁸
1433 3341 1439 3353 ’

293 3455 393 3517 tionis
421 3459 455 3517 et
485 3475 543 3539 per
567 3459 639 3518 octo
663 3453 731 3517 dies
754 3458 927 3538 sequentes
949 3454 991 3517 ab
1014 3453 1163 3539 episcopo
1186 3450 1339 3519 Johanne

295 3558 350 3642 qui
373 3579 445 3621 eam
468 3557 643 3633 dedicavit,
667 3557 724 3641 qui
739 3562 819 3621 tunc
843 3556 997 3642 temporis
1020 3578 1078 3642 per
1099 3556 1222 3621 multos
1235 3576 1338 3620 annos

295 3659 461 3746 supplevit
485 3660 572 3722 vices
596 3659 736 3745 episcopi
768 3659 1018 3744 Wyntoniensis
1045 3664 1079 3723 et
1110 3658 1248 3724 aliorum
1271 3658 1338 3744 epi-

295 3785 464 3848 scoporum
487 3762 658 3826 caritative
685 3763 879 3849 petentium.
925 3762 1020 3827 Idem
1047 3762 1146 3827 etiam
1170 3763 1339 3850 episcopus
1354 3779 1503 3830 ordination

296 3864 347 3928 die
379 3864 578 3951 praecedenti
605 3865 772 3930 ordinavit
806 3865 853 3929 ibi
887 3869 1012 3952 septem
1046 3865 1220 3930 monachos
1254 3849 1455 3980 Five-1¹:330?

296 3966 429 4031 shamiae
453 3967 488 4030 in
512 3967 719 4052 presbyteros
741 3972 776 4032 et
791 3989 893 4032 unum
910 3967 1090 4044 diaconum,
1115 3974 1150 4032 et
1164 3967 1245 4032 duos
1268 3990 1340 4032 aco-
1353 3983 1458 4040 Jonas

297 4069 391 4155 lytos,
421 4075 454 4133 ot
483 4069 640 4154 quosdam
663 4071 836 4135 monachos
860 4069 1126 4137 cisterciensium
1149 4070 1189 4134 de
1213 4069 1339 4135 Wallia.
1353 4050 1442 4100 suffra-

297 4172 413 4237 Nullos
428 4194 506 4236 vero
522 4173 653 4237 clericos
675 4174 740 4237 nisi
758 4174 794 4237 in
808 4174 894 4238 valle
911 4171 1116 4238 Eveshamiae
1131 4172 1340 4238 beneficiatos
1352 4125 1484 4234 &iniiss-

298 4276 348 4340 vel
383 4274 555 4340 monachos
590 4275 654 4340 nisi
685 4283 854 4362 exemptos
888 4275 1062 4361 aliquando
1096 4275 1244 4363 permisit
1277 4276 1341 4341 iste
1351 4251 1510 4315 ΨΜ·

298 4378 397 4441 abbas
420 4378 454 4440 in
479 4377 612 4442 ecclesia
628 4379 834 4445 Eveshamiae
854 4378 1005 4443 ordinari.
1051 4378 1160 4443 Pridie
1183 4400 1260 4445 vem
1282 4379 1342 4444 ka·

299 4480 410 4545 lendas
435 4480 551 4544 Martii
574 4480 740 4545 dedicavit
762 4481 849 4547 idem
865 4481 1034 4568 episcopus
1057 4482 1213 4568 capellam
1237 4483 1342 4548 sancti

306 4583 475 4647 Michaelis
487 4583 551 4669 [in]
568 4583 759 4660 infirmaria,
774 4584 868 4669 cujus
879 4585 976 4648 altari
988 4585 1075 4649 idem
1088 4585 1188 4649 abbas
1200 4585 1342 4672 lapidem

302 4706 517 4749 marmoreum
549 4688 764 4773 superposuit,
800 4694 835 4752 et
858 4687 998 4753 totidem
1031 4687 1100 4753 diss
1131 4689 1345 4755 relaxationis

303 4787 370 4853 dati
386 4792 465 4853 sunt
484 4788 519 4852 in
535 4788 739 4856 dedicatione
755 4790 900 4877 ejusdem
915 4790 1047 4878 capellae
1064 4791 1149 4858 sicut
1171 4798 1206 4859 et
1220 4793 1345 4879 prioris.
