3264 5662
405 805 607 856 csaorrcou
629 804 787 856 assarna
812 805 859 857 us
882 805 1055 857 uvssnsn.
1186 795 1250 861 259

199 997 349 1083 quamvis
364 995 407 1060 ad
429 995 600 1061 dominum
623 1016 733 1083 regern
755 995 825 1080 ejus
848 994 997 1062 custodia
1018 1019 1085 1063 non
1101 998 1254 1064 videatur
1266 1013 1333 1065 an.
1348 1018 1420 1066 121⁴.

199 1099 361 1185 pertinere
389 1099 446 1164 sed
471 1099 577 1185 magis
603 1099 646 1164 ad
677 1100 846 1164 dominum
873 1122 1001 1188 papam,
1025 1102 1104 1187 quia
1126 1100 1162 1167 in
1185 1102 1253 1167 solo
1465 1104 1468 1111 '

198 1201 260 1267 sibi
283 1202 406 1268 donato
421 1208 472 1268 est
486 1202 633 1279 fundata,
657 1203 834 1290 sicutipse
857 1224 915 1290 per
937 1205 1137 1269 sententiam
1160 1226 1253 1270 suam

199 1305 371 1372 manifeste
402 1305 554 1370 declarat.
608 1305 717 1386 Quam
746 1308 908 1372 rationem
939 1313 1070 1373 secutus
1101 1308 1253 1372 dominus

198 1407 335 1495 legatus,
365 1417 441 1495 post
473 1409 711 1495 depositionem
743 1410 881 1484 abbatis,
927 1411 1069 1476 retinuit
1102 1432 1175 1475 eam
1213 1413 1249 1475 in

199 1534 299 1577 manu
324 1517 440 1577 suaet
463 1518 584 1577 nostra.
632 1514 694 1577 Vel
717 1515 743 1577 si
767 1513 852 1577 forte
874 1534 943 1578 non
966 1512 1067 1579 luerit
1090 1514 1251 1600 generalis

196 1615 324 1701 legatus
343 1617 384 1681 in
406 1614 541 1701 Anglia,
566 1616 687 1680 abbate
715 1615 900 1691 decedente,
931 1621 970 1682 ut
1002 1616 1084 1680 mihi
1106 1615 1251 1694 videtur,

197 1717 296 1782 debet
311 1718 381 1802 ejus
405 1719 554 1782 custodia
578 1718 710 1783 devolvi
726 1719 769 1783 ad
792 1718 963 1784 dominum
980 1718 1251 1784 Cantuariensem

197 1821 294 1886 sicuti
317 1822 352 1884 in
375 1821 437 1885 hac
460 1827 553 1907 parte
576 1821 702 1886 domini
725 1845 819 1908 papae
844 1821 991 1909 legatum
1014 1822 1068 1887 vel
1091 1823 1252 1887 vicarium

198 1922 249 1988 vel
273 1925 377 2010 ipsius
393 1925 537 1990 abbatiae
553 1930 708 2003 tutorem,
725 1926 812 1990 sicut
834 1926 870 1989 in
893 1925 964 2012 ejus
987 1925 1153 1990 sententia
1176 1941 1391 2010 con-[p.1ea.]

199 2027 336 2107 tinctur‚
352 2033 387 2092 et
409 2028 451 2091 ad
474 2050 534 2091 nos
557 2033 597 2092 ut
619 2028 774 2114 speciales
796 2028 881 2092 filios
904 2029 1030 2093 domini
1046 2050 1147 2115 papae.
1187 2028 1252 2093 Sed

199 2151 273 2216 quse
297 2151 375 2194 cura
401 2129 494 2214 cujus
524 2130 569 2194 sit
596 2131 746 2195 custodia
769 2153 870 2215 quum
902 2131 997 2216 quasi
1020 2136 1253 2197 momentanea

197 2232 267 2297 sit?
312 2231 401 2296 Nam
416 2232 444 2295 si
460 2233 577 2297 fratres
592 2234 628 2296 in
644 2233 795 2298 concordi
811 2234 937 2298 fuerint
952 2234 1120 2312 electione,
1137 2235 1252 2299 statim

198 2339 272 2422 post
288 2333 480 2400 electionem
496 2336 692 2411 canonicam,
708 2335 867 2421 requisita
882 2337 972 2423 prius
987 2359 1008 2402 a
1022 2336 1155 2401 domino
1177 2358 1254 2423 rege

197 2438 332 2504 lieentia
362 2437 520 2525 elegendi,
552 2438 689 2503 habebit
719 2437 843 2502 electus
865 2437 1187 2504 administrationem
1217 2439 1253 2503 in

197 2540 427 2628 spiritualibus
464 2546 499 2606 et
537 2542 571 2604 in
610 2541 855 2628 temporalibus,
886 2541 1084 2606 auctoritate
1115 2540 1254 2621 aoncilii,

197 2645 283 2711 sicut
311 2644 460 2730 superius
495 2645 620 2709 dictum
652 2649 702 2708 est
713 2669 722 2723 3
761 2644 850 2729 quod
880 2644 993 2709 electis
1023 2646 1060 2708 in
1088 2643 1254 2731 episcopos

198 2747 385 2814 diocesanos
406 2746 459 2811 vel
487 2747 523 2810 in
547 2746 685 2811 abbates
707 2745 870 2831 subjectos
898 2747 1056 2834 episcopis
1080 2768 1147 2811 non
1179 2768 1255 2812 oon-

198 2850 298 2915 venit.
346 2849 413 2914 Hic
444 2854 555 2914 tamen
594 2849 748 2928 subsiste,
787 2856 822 2914 et
856 2848 974 2914 dubito
1005 2872 1049 2913 an
1080 2849 1129 2915 ita
1166 2851 1255 2916 circa

199 2952 480 3018 continuationem
519 2953 563 3017 sit
597 2951 791 3016 sarciendam.
848 2951 937 3016 Nam
977 2975 1079 3038 quum
1118 2952 1256 3017 abbates

199 3055 363 3121 benedicti
387 3080 407 3119 a
430 3055 563 3119 domino
593 3077 680 3141 papa
710 3054 942 3120 consueverint
969 3055 1105 3121 visitare
1135 3077 1254 3142 papam

200 3161 238 3225 de
256 3159 399 3224 triennio
416 3160 450 3222 in
468 3159 657 3233 triennium,
673 3158 758 3223 sicut
773 3159 853 3222 facit
868 3158 969 3222 abbas
992 3160 1098 3224 sancti
1121 3159 1255 3246 Augus·

201 3262 261 3328 tini
294 3262 493 3337 Cantuariae,
520 3262 620 3325 timeo
648 3284 689 3326 ne
715 3261 775 3326 hac
800 3261 1000 3325 consuetudo
1030 3261 1182 3327 trabatur
1212 3261 1255 3325 ad

201 3365 409 3430 confirmatos
447 3386 467 3427 a
505 3363 638 3428 domino
675 3385 760 3449 papa
772 3388 780 3442 ;
819 3363 906 3448 quod
933 3363 961 3426 si
991 3362 1114 3428 factum
1145 3363 1255 3440 fuerit,

201 3468 316 3535 melius
332 3474 417 3532 esset
433 3468 519 3552 quod
535 3466 635 3531 abbas
651 3491 671 3530 a
686 3467 819 3530 domino
833 3464 1067 3531 Cantuariensi
1084 3465 1256 3532 confirma-

201 3554 351 3649 returssi
376 3576 487 3635 tarncn
511 3570 655 3655 pericula
678 3570 890 3634 imminentia
913 3591 1080 3655 possemus
1111 3570 1255 3636 evadere.

203 3674 265 3740 Sed
290 3679 324 3739 et
347 3696 433 3738 nunc
456 3673 574 3738 basico
590 3679 703 3736 utrum
720 3678 873 3758 sumptus
896 3672 1099 3738 visitationis
1114 3672 1257 3739 debeant

201 3777 378 3864 comparari
395 3776 489 3840 bonis
504 3798 578 3863 quae
594 3775 726 3840 ecclesia
749 3775 900 3840 Romana
922 3777 1091 3842 consuerit
1113 3776 1257 3843 conferre

201 3880 396 3969 specialibus
427 3879 503 3944 filiis
525 3880 593 3942 suis
621 3879 793 3963 exemptis,
827 3878 980 3964 quamvis
1007 3879 1152 3966 pericula
1182 3902 1256 3966 quae

203 3983 376 4049 imminent
415 3984 442 4046 si
482 3982 615 4046 domino
658 4003 744 4066 papa
788 3981 1052 4047 subtraxerimus
1086 3983 1256 4047 confirma·

201 4089 325 4153 tionem
341 4085 459 4150 millies
482 4085 635 4171 graviora
658 4084 726 4148 sint
753 4105 853 4168 quam
880 4091 1031 4171 sumptus
1054 4085 1256 4151 visitationis

201 4199 235 4257 et
261 4189 524 4255 confirmationis.
572 4188 659 4251 Nam
690 4187 842 4251 dominus
869 4210 956 4274 papa
985 4186 1026 4252 de
1045 4187 1122 4274 jure
1148 4195 1257 4274 posset

203 4317 260 4360 uos
276 4293 408 4380 privare
424 4291 607 4378 privilegiis
630 4289 750 4355 nostris
765 4290 800 4353 in
818 4289 874 4354 illa
889 4295 981 4377 parte
997 4292 1033 4355 in
1048 4313 1113 4377 qua
1128 4290 1256 4357 faciunt

203 4421 259 4484 pro
287 4396 392 4474 nobis,
413 4395 440 4457 si
466 4418 523 4459 nos
548 4394 793 4458 abstulissemus
819 4393 849 4457 ei
875 4393 1155 4459 continuationem
1180 4416 1255 4479 quae

203 4502 280 4565 facit
296 4523 355 4585 pro
371 4521 408 4561 eo
423 4506 457 4562 ct
473 4498 543 4584 ejus
558 4497 730 4584 dignitate.
769 4496 814 4560 Et
827 4495 1085 4583 Wygornenses¹
1103 4498 1253 4585 episcopi,

373 4662 593 4669 ——.-———
605 4663 623 4667 .-
646 4663 664 4667 -

481 4752 487 4779 ¹
506 4749 691 4814 Wuyornensca]
712 4748 913 4813 Wygomences,
924 4746 981 4796 MS.

1053 4842 1077 4889 a
1100 4829 1121 4890 2
