3264 5662
613 812 798 862 serenum.
1001 812 1004 817 ·
1167 798 1233 864 333

183 1000 301 1064 saltem
347 999 435 1086 apud
472 998 725 1065 Wistanestowe
763 1000 798 1063 in
837 998 891 1064 die
937 999 1058 1063 natalis
1088 998 1233 1084 ejusdem
1254 1017 1321 1070 M).
1334 1022 1390 1070 ⁸50,

183 1103 340 1187 martyris
385 1124 451 1167 non
482 1102 726 1167 occurrentibus
763 1123 822 1167 neo
862 1107 996 1167 tantum
1038 1101 1234 1166 miraculum

182 1205 373 1269 videntibus
398 1226 456 1269 nec
483 1205 702 1291 palpantibus,
718 1204 760 1268 ad
784 1204 969 1269 devotionis
992 1226 1070 1291 erga
1093 1203 1233 1269 eundem

182 1313 363 1392 martyrem
401 1307 704 1393 augmentationem
751 1312 785 1371 et
823 1308 900 1372 fidei
939 1306 1235 1374 corroborationem

182 1408 289 1473 scribo
312 1407 531 1496 profuturum,
556 1414 595 1473 ut
623 1431 700 1474 vore
730 1410 770 1473 de
800 1410 847 1473 eis
877 1409 942 1474 dici
972 1411 1083 1496 possit,
1111 1417 1128 1443 “
1144 1408 1233 1474 beati
1247 1425 1284 1476 sa
1297 1425 1367 1476 John

184 1517 202 1545 “
227 1511 284 1596 qui
317 1533 383 1574 non
421 1512 576 1576 videnmt
614 1516 648 1575 et
678 1511 911 1576 crediderunt.’'
972 1513 1083 1593 Quum
1121 1512 1234 1596 itaque
1247 1508 1291 1542 ¹¹·
1306 1498 1344 1544 ²⁹·

183 1612 301 1677 beatus
328 1612 499 1677 Wistanus
525 1613 561 1677 in
587 1635 712 1698 campe,
736 1614 822 1678 sicut
846 1614 946 1679 moris
968 1620 1018 1679 est
1048 1613 1234 1701 principum

183 1717 225 1780 acl
250 1717 447 1801 colloquium
474 1719 655 1797 convenire,
683 1718 794 1804 gladio
818 1719 1002 1805 impiissimi
1019 1718 1163 1783 Brisardi
1183 1717 1236 1799 (ut

184 1819 219 1882 in
234 1819 306 1884 vita
331 1820 433 1905 ipsius
455 1820 584 1905 plenius
599 1820 726 1906 scripsi)
747 1821 960 1899 occubuisset,
977 1819 1047 1906 ejus
1062 1819 1234 1905 martyrio,

182 1927 222 1985 ut
252 1922 334 1987 dicit
370 1922 568 1986 venerabilis
606 1922 697 1987 Beda
732 1924 911 2009 presbyter,
952 1929 971 1958 “
986 1922 1133 1989 coelestia
1168 1942 1235 1985 non

182 2033 199 2056 ‘⁴
224 2024 355 2088 defuere
378 2022 585 2088 miracula.''¹
630 2024 664 2087 N
666 2047 719 2087 am
743 2025 783 2089 de
807 2025 877 2091 loco
904 2026 940 2089 in
955 2047 1019 2111 quo
1043 2025 1236 2089 innocenter

182 2132 371 2211 peremptus
394 2131 445 2190 est
469 2126 621 2190 columna
647 2127 728 2191 lucis
751 2149 854 2212 usque
877 2128 921 2191 ad
935 2128 1053 2192 coelum
1077 2131 1236 2214 porrecta,

183 2227 335 2292 omnibus
350 2228 495 2313 ejusdem
518 2229 580 2293 looi
601 2229 716 2293 incolis
738 2252 796 2316 per
815 2230 957 2315 triginta
975 2229 1044 2295 dies
1065 2229 1236 2315 perspicua

183 2331 300 2396 stabat.
340 2330 405 2395 Sed
432 2331 583 2395 minanda
608 2332 768 2396 mirandis
792 2333 979 2397 succedunt.
1026 2330 1124 2408 Nam,
1149 2352 1235 2396 reee-

182 2434 281 2498 dente
312 2432 446 2511 lumine,
474 2433 579 2497 eidem
608 2434 676 2498 loco
707 2435 852 2500 coelestia
882 2434 989 2500 adhuc
1019 2455 1085 2498 non
1115 2434 1235 2498 desunt

182 2535 346 2600 miracula.
408 2534 508 2598 Omni
542 2536 630 2600 enim
661 2559 749 2601 anno
779 2559 836 2624 per
867 2559 968 2601 unam
1000 2535 1115 2601 horam
1146 2535 1235 2600 illius

181 2637 245 2702 diei
286 2660 351 2723 qua
381 2637 501 2723 gladiis
532 2638 708 2725 impiorum
746 2639 908 2717 occubuit,
947 2638 981 2702 in
1013 2639 1128 2704 eodem
1164 2638 1236 2703 loco

181 2740 238 2804 ubi
276 2740 430 2805 columna
468 2740 548 2805 lucis
579 2741 734 2827 apperuit
772 2742 891 2829 capilli,
930 2741 1043 2827 quales
1079 2740 1236 2805 videntur

182 2844 217 2907 in
240 2843 349 2928 capite
372 2843 552 2919 hominum,
576 2845 750 2922 oriuntur;
776 2849 824 2923 ut,
848 2866 907 2931 per
929 2844 1064 2932 capillos
1087 2865 1107 2908 a
1129 2843 1236 2930 capite

183 2945 328 3030 ejusdem
359 2944 598 3010 adolescentis²
628 2947 767 3024 evulsos,
799 2947 835 3010 in
865 2947 979 3011 eodem
1016 2946 1086 3012 loco
1116 2946 1237 3011 effusos

183 3055 217 3113 et
247 3048 418 3134 dispersos,
456 3049 514 3133 qui
564 3071 584 3112 a
623 3049 775 3114 fidelibus
813 3054 894 3113 tunc
931 3048 980 3113 ibi
1016 3048 1237 3134 praesentibus

183 3150 293 3235 colligi
317 3173 384 3215 non
407 3156 570 3236 poterant,
595 3151 701 3215 adhuc
724 3157 837 3215 tamen
860 3151 984 3215 ibidem
1006 3155 1236 3237 permanentes

183 3259 217 3318 et
239 3253 414 3317 annuatim
437 3259 625 3330 crescentes,
657 3254 803 3318 veridica
830 3253 1014 3318 Salvatom's
1036 3253 1236 3339 approbetur

183 3356 438 3441 sententiaque
468 3356 597 3432 (licitur,
630 3355 742 3441 “quia
765 3354 902 3442 capillus
928 3354 970 3419 de
994 3355 1101 3442 capite
1124 3360 1235 3419 vestro
1248 3375 1285 3427 st.
1298 3374 1371 3427 Lake

183 3468 199 3492 ‘·
223 3480 291 3522 non
317 3458 467 3543 pe1·ibit.''
517 3458 561 3522 Et
592 3481 693 3543 quum
724 3458 822 3522 multi
852 3463 1015 3543 martyres
1037 3457 1154 3543 capitis
1179 3442 1302 3522 ebeni·
1318 3449 1354 3493 ¹⁸·

184 3559 359 3624 scissione⁸
393 3561 590 3645 martyrium
621 3559 864 3646 compleverint,
896 3559 960 3624 iste
982 3580 1050 3624 non
1073 3558 1236 3624 abscisso³

184 3664 292 3749 capite
314 3664 402 3748 quod
435 3662 526 3748 regia
549 3684 668 3728 corona
698 3662 845 3727 redimiri
867 3662 986 3741 renuit,
1017 3663 1074 3728 sed
1103 3667 1237 3727 tentum

183 3788 265 3829 cono
289 3765 406 3851 cepitis
429 3769 582 3849 quassato
615 3764 649 3827 in
684 3765 819 3830 modum
851 3765 949 3852 regiae
983 3786 1110 3831 coronae
1132 3765 1238 3830 victor

185 3868 347 3946 (recubuit,
371 3873 410 3931 ut
433 3872 513 3930 tuno
547 3873 706 3953 perpetua
728 3889 848 3933 corona
871 3869 1065 3934 ostendatur
1086 3868 1237 3933 honorari

184 3972 242 4057 qui
274 3969 447 4055 temporali
479 3990 599 4033 corona
632 3969 739 4033 noluit
771 3970 953 4050 sublimari,
985 3992 1085 4054 quum
1123 3992 1238 4034 revera

185 4096 243 4160 per
266 4095 391 4138 coronae
414 4072 531 4158 capitis
555 4073 795 4157 quassationem
826 4073 928 4137 sitin
951 4073 1033 4138 coelo
1056 4078 1238 4147 coronatus,

220 4414 226 4442 ¹
240 4413 323 4462 These
335 4416 416 4463 words
428 4430 469 4463 are
478 4422 521 4463 not
534 4415 624 4478 quoted
631 4415 694 4463 from
766 4410 955 4480 matescensis]
977 4413 1168 4471 adhela-scentia
1180 4414 1236 4463 MS.

184 4491 254 4540 llede
267 4493 337 4551 (who
346 4494 402 4542 died
412 4509 480 4541 more.
492 4493 551 4542 rhen
564 4510 577 4542 a
590 4503 693 4559 century
767 4492 935 4542 ³obecissione
988 4530 995 4544 .
1031 4530 1038 4543 .
1071 4531 1078 4544 .
1113 4493 1234 4559 classiaco]

184 4572 271 4620 before
296 4572 412 4621 ll'istnn's
431 4575 551 4636 murder),
569 4574 613 4621 but
630 4573 695 4621 from
734 4572 895 4623 abscisione.
931 4611 937 4622 .
972 4573 1168 4632 nonnanis

183 4652 309 4701 Florence
318 4653 348 4700 os
356 4653 505 4710 worcester,
513 4652 557 4700 sut
565 4669 629 4701 ‹rrrreo
638 4658 694 4702 850.
