3270 5656
246 807 450 861 cunenrcon
472 805 633 861 surana
656 807 703 859 us
725 807 905 862 arrasam·
1033 791 1096 866 2⁷1

51 998 279 1066 misericordia
308 1020 422 1064 versus
451 998 591 1063 eundem
625 999 760 1064 bortum
794 999 920 1085 posuit¹
948 1000 1007 1066 ubi
1036 1002 1102 1069 fuit
1157 1010 1225 1064 AD.

51 1109 198 1191 tempore
220 1103 318 1188 hujus
348 1102 470 1188 scripti
529 1101 745 1167 Laudabilem
769 1103 870 1169 etiam
893 1104 1103 1170 consuetudi·
1116 1080 1270 1130 ¹²¹⁸'¹⁹²⁹'

52 1228 127 1272 nem
164 1205 243 1271 fecit
280 1206 448 1281 constitui,
483 1205 647 1279 videlicet,
678 1207 767 1291 quod
804 1206 962 1272 feretrum
996 1209 1102 1274 sancti

52 1309 197 1375 Wistani
220 1316 254 1375 et
284 1309 443 1374 feretrum
477 1309 586 1373 sancti
623 1307 768 1374 Credani
798 1309 835 1374 in
864 1309 1103 1376 festivitatibus

53 1434 166 1479 eorum
200 1417 279 1477 ante
313 1411 417 1477 altare
449 1418 658 1499 ponerentur,
682 1416 717 1477 et
739 1417 820 1478 tuuc
841 1413 990 1479 inveniet
1012 1414 1104 1501 prior

53 1518 93 1583 de
115 1521 205 1582 terra
227 1515 268 1580 de
295 1515 533 1602 Bengeworthe
568 1536 668 1600 quam
691 1517 781 1602 prior
804 1516 945 1582 Thomas
968 1517 1105 1604 acquisi-

54 1620 106 1686 vit
135 1617 282 1684 eereum⁹
315 1639 374 1704 per
413 1617 499 1683 diem
540 1623 573 1683 et
607 1626 736 1684 noctem
770 1620 900 1707 jugiter
933 1621 1102 1686 ardentem

54 1742 161 1789 eoram
183 1721 330 1806 reliquiis
353 1721 530 1785 eorundem
553 1725 750 1787 sanctorum.
807 1722 853 1787 Et
875 1724 1003 1789 trabem
1026 1728 1104 1789 aute

55 1825 156 1891 altars
191 1823 296 1888 sancti
320 1824 411 1888 Petri
434 1844 507 1888 curn
533 1845 625 1888 cruce
649 1830 683 1889 et
705 1825 906 1912 imaginibus
928 1827 1104 1914 reparavit,

55 1933 89 1994 et
104 1926 267 1993 exaltavit
290 1927 332 1990 od
353 1925 477 2009 majusi
499 1927 661 1991 luminare
677 1928 848 1994 vestiarii,⁴
893 1929 988 1995 Fecit
1002 1931 1102 1996 etiam

56 2028 269 2097 tabellatum⁵
292 2030 443 2095 locutorii
471 2050 570 2116 super
603 2031 761 2117 capellam
785 2037 908 2099 sanctae
931 2032 1038 2098 Annae
1061 2032 1103 2098 ad

58 2135 266 2201 occidentem.
328 2132 509 2218 Postquam
553 2134 653 2197 etiam
693 2133 798 2199 altare
832 2142 955 2202 sanctae
988 2137 1104 2203 Marias

58 2240 92 2303 iu
123 2237 250 2324 cryptis
282 2259 302 2300 a
335 2235 463 2301 furibus
492 2236 662 2301 secundo⁰
698 2238 875 2324 spoliatum
916 2238 981 2305 fuit
1010 2240 1106 2306 libris

56 2348 89 2409 et
122 2339 332 2407 vestimentis
364 2340 407 2404 ad
437 2339 620 2404 valentiam
652 2339 764 2406 decem
801 2343 1007 2421 marcarum,⁷
1038 2344 1103 2408 iste

58 2446 145 2534 prior
176 2445 218 2509 ad
251 2442 524 2508 restaurationem
551 2442 824 2508 vestimentorum
855 2443 962 2511 beatae
989 2446 1104 2513 Mariae

59 2550 137 2615 emit
167 2569 268 2612 unam
292 2546 401 2610 albam
424 2567 497 2611 cum
528 2551 699 2631 apparatu,
728 2567 809 2612 auro
840 2568 938 2634 super
966 2550 1105 2615 intexto.

60 2651 161 2716 Dedit
176 2651 278 2716 etiam
295 2648 467 2712 dimidiam
490 2669 633 2712 marcam
655 2671 714 2733 pro
737 2653 829 2713 carta
850 2651 1108 2717 confirmationis

58 2760 153 2819 terrm
185 2752 226 2816 de
251 2750 437 2815 Radeforde
461 2750 504 2814 ad
539 2750 718 2816 luminaria
750 2751 896 2837 ejusdem
927 2755 1050 2834 altaris,
1074 2760 1109 2820 ct

60 2863 124 2922 tres
156 2854 277 2919 solidos
309 2854 345 2916 in
376 2841 538 2916 auxiliim
576 2853 676 2941 pretii
708 2853 894 2922 dalmatica
931 2856 972 2922 de
1009 2857 1109 2922 rubro

59 2959 203 3023 examito
226 2979 324 3041 quarn
348 2955 450 3019 abbas
475 2955 692 3042 Rondulplrus
724 2958 812 3022 emit.
874 2959 977 3024 Dedit
1009 2962 1108 3026 etiam

60 3060 228 3126 dimidiam
260 3079 403 3122 marcam
437 3079 496 3142 pro
527 3065 620 3122 carta
642 3059 903 3126 confirmationis
925 3069 959 3126 et
982 3085 1109 3129 waren·

59 3163 228 3229 tizationis
254 3166 350 3225 terroe
381 3161 594 3246 praecentoris
618 3160 655 3224 in
682 3162 883 3226 Alincestria
904 3164 1006 3248 juxta
1027 3186 1109 3252 pon·
1156 3154 1158 3158 ἱ

60 3264 146 3331 tem.⁸
193 3264 331 3349 insuper
347 3263 409 3327 iste
433 3264 521 3349 prior
544 3263 696 3348 sepelivit
719 3263 989 3350 praedecessorem
1012 3290 1108 3333 suum

60 3369 199 3456 priorem
222 3367 244 3431 J
247 3365 410 3431 ohannem
442 3367 477 3429 in
512 3367 677 3430 mausoleo
704 3388 791 3431 novo
814 3367 967 3453 lapideo,⁹
993 3375 1026 3434 et
1050 3370 1108 3435 Jo-

59 3473 199 3538 bannem
223 3473 439 3555 cognomento
467 3468 656 3533 Diouisinm
680 3469 841 3549 similiter,
870 3470 910 3535 de
933 3493 998 3557 quo
1022 3473 1109 3539 idern

59 3576 147 3662 prior
169 3574 310 3637 Thomas
342 3571 448 3636 dicere
487 3572 661 3636 consuevit
695 3572 784 3658 quod
819 3596 990 3660 nunquam
1021 3576 1110 3641 vidit

62 3678 224 3743 hominem
241 3683 309 3739 tarn
326 3675 466 3760 perfecte
483 3696 578 3739 omne
600 3697 705 3761 genus
726 3675 934 3762 poenitentiae
956 3700 1111 3768 peragere

62 3783 144 3846 sicut
168 3781 252 3844 idern
269 3780 292 3844 J
295 3779 440 3843 ohannes
464 3779 592 3864 peregit
614 3779 755 3865 triginta
777 3801 881 3845 annos
903 3784 1111 3869 etamplius,

63 3887 94 3950 in
111 3884 248 3970 jejuniis
272 3889 305 3948 et
328 3882 542 3958 orationibus,
572 3883 606 3946 in
630 3883 874 3968 lachrymarum
897 3885 1054 3951 effusione
1076 3893 1112 3952 et

62 3988 190 4074 vigiliis,
228 3987 262 4049 in
294 3983 516 4070 corporalibus
549 3986 749 4050 eruciatibus
782 3993 816 4051 et
849 3987 1034 4072 frigoribus,
1075 3990 1109 4052 in

93 4163 186 4226 ¹ejm.
206 4197 212 4210 .
230 4160 347 4224 posuit]
384 4158 558 4223 'Phereading
643 4160 736 4209 ⁴llere
759 4159 837 4224 Vesp.
853 4159 945 4207 inserta
963 4162 1111 4211 “Praeterea

61 4243 85 4290 in
106 4242 148 4289 the
168 4248 223 4289 text
243 4239 264 4286 is
284 4238 337 4287 tint
360 4239 391 4285 of
408 4238 492 4301 Vesp„
516 4239 557 4287 the
610 4248 623 4267 ¹·
643 4240 735 4287 librum
747 4240 777 4287 de
789 4238 876 4287 ordine
894 4239 997 4295 officii.''
1016 4242 1062 4290 &a
1083 4258 1111 4290 as

61 4322 130 4371 Rodl.
145 4320 200 4369 MS.
219 4318 324 4380 reading
353 4319 503 4382 incorrectly
516 4339 558 4368 :—
609 4320 696 4373 abcve.
708 4335 731 4382 p.
744 4323 800 4368 268.

59 4408 74 4429 ‘⁶
91 4402 209 4450 clausura
222 4399 283 4461 ejus.
302 4398 557 4448 Fecitetianrostium
644 4414 652 4439 a
670 4407 823 4476 malaeum]
838 4411 987 4461 tabulatum,
1011 4412 1076 4463 yffi

59 4489 72 4508 ι’
92 4521 96 4530 ·
115 4520 120 4530 ·
141 4480 292 4543 ·Ρο“η“““·”
643 4498 786 4564 ϋεεοιιηᾰο]
806 4515 854 4548 oni.
868 4500 927 4549 ibid.

91 4563 100 4589 '·'
118 4557 290 4623 Beuyerrorllrc
303 4594 432 4607 ......
451 4557 555 4621 cereum]

60 4639 253 4703 Beuingewrtlrc
266 4637 304 4685 vel
323 4639 353 4685 de
365 4638 466 4687 lartlrlet
480 4653 557 4685 uuum

58 4736 162 4772 cereum.
198 4719 223 4767 V
225 4734 274 4781 esp.
643 4702 653 4727 ⁸
670 4698 764 4748 Dedit.
783 4733 790 4747 .
808 4736 815 4749 .
828 4700 938 4766 mntem]
952 4716 1001 4751 om.
1014 4702 1067 4753 ibid

90 4804 99 4830 ³
116 4800 207 4865 majus]
221 4798 309 4861 magis.
340 4797 402 4845 lbid.
582 4832 584 4847 .
643 4797 652 4821 ⁸
670 4794 777 4861 lapideo]
791 4809 840 4846 om.
857 4795 916 4846 ibid.

644 4596 651 4617 ⁷
670 4592 819 4656 rnarrarum]
835 4592 961 4642 librarum.
996 4594 1060 4644 lbid
