3270 5656
484 816 686 867 CHROMCON
708 814 868 866 ABBATIAE
891 816 938 866 DE
960 816 1129 867 numm.
1287 805 1329 865 55

320 1158 368 1226 De
399 1161 551 1249 qaedam
582 1170 718 1230 saecuto
733 1168 763 1229 et
795 1161 945 1249 pecodum
978 1161 1063 1248 fure
1095 1162 1135 1229 de
1165 1160 1285 1229 amnis

508 1263 656 1332 articulo
677 1264 944 1362 nemericorditer
967 1263 1114 1331 liberato.

332 1433 615 1501 Reverendissimo
663 1436 784 1502 abbate
822 1435 955 1500 domino
998 1435 1184 1522 AEgelwino
1224 1436 1329 1501 Eove-
1383 1439 1451 1491 ΑΒ·

287 1534 506 1601 sliamensium
543 1544 665 1604 rectore
694 1538 949 1625 prudentissimo
972 1538 1072 1624 hujus
1095 1538 1174 1604 vitae
1196 1538 1330 1603 modum
1344 1509 1497 1559 ¹⁰⁷⁷'¹⁰⁸⁶'

288 1637 433 1717 faciente,
456 1641 530 1704 viro
564 1663 627 1727 quo
650 1646 725 1727 post
747 1646 897 1706 sanctum
920 1639 1117 1726 Ecgwinum
1140 1661 1250 1706 coram
1273 1663 1332 1707 ιω-
1410 1636 1417 1656 ’

288 1739 359 1804 culo
382 1741 492 1806 nullus
510 1742 625 1809 utilior
646 1748 681 1808 et
702 1742 864 1829 insignior
886 1743 957 1829 ipsa
979 1742 1014 1805 in
1039 1742 1172 1807 ecclesia
1193 1743 1333 1821 exstitit,

287 1847 431 1930 tempore
453 1847 566 1932 magni
581 1845 739 1909 Willelmi
762 1845 847 1932 regis
870 1844 1055 1931 Anglorum
1077 1851 1110 1911 et
1133 1844 1225 1910 ducis
1249 1845 1334 1910 Nor-

288 1959 491 2025 mannorum,
507 1946 660 2012 dominus
672 1947 839 2012 Walterus
852 1947 1148 2012 Boveshamensem
1163 1947 1333 2013 abbatiam

287 2048 462 2134 regendam
484 2050 631 2137 suscepit
678 2050 712 2113 Is
727 2072 829 2136 quum
844 2054 929 2115 esset
944 2049 997 2113 vir
1018 2049 1145 2135 peritiae
1163 2051 1334 2136 multoque

287 2150 400 2215 decore
426 2156 460 2217 et
491 2153 581 2216 omni
611 2151 731 2217 facetia
760 2151 1000 2228 condecoratus
1032 2152 1128 2216 novis
1157 2153 1263 2231 rebus,
1294 2159 1335 2218 ut

287 2253 357 2316 fieri
373 2252 465 2331 solet,
481 2255 628 2320 animum
643 2254 792 2319 tradidit.
838 2253 1018 2319 Ecclesiam
1042 2275 1184 2340 namque
1210 2254 1334 2320 recenti

287 2377 382 2441 opere
412 2356 593 2422 delectatus
622 2356 756 2442 incepit,
780 2361 814 2421 et
838 2355 1013 2441 antiquum
1036 2377 1118 2441 opus
1145 2357 1232 2442 quod
1259 2361 1332 2421 tum

287 2458 443 2544 temporis
470 2480 512 2522 cx
539 2458 763 2545 pulcherrimis
793 2458 829 2522 in
856 2458 979 2544 Anglia
1002 2458 1142 2538 exstitit,
1172 2456 1334 2544 paulatim

288 2559 462 2626 destruxit.
509 2559 674 2639 Cerneres,
697 2559 818 2624 mirum
846 2559 956 2624 dictu!
981 2564 1051 2624 tam
1075 2582 1231 2647 magnum
1246 2561 1334 2624 anti·

288 2662 427 2747 quitatis
466 2685 548 2750 opus
577 2663 613 2727 in
644 2662 748 2726 solam
787 2667 937 2748 cryptam
969 2661 1104 2726 insimul
1136 2669 1334 2750 congestum.

288 2763 463 2843 Caeterum,
478 2765 650 2830 deficiente
674 2765 767 2850 copia
787 2763 952 2851 operandi,
979 2764 1016 2827 in
1038 2786 1159 2851 magna
1181 2765 1336 2852 angustia

286 2873 531 2952 procuratorem
558 2866 663 2954 operis
688 2867 763 2932 fore.
821 2865 1027 2932 Difficultate
1057 2889 1200 2954 namque
1224 2890 1334 2933 rerum
1346 2870 1410 2920 Two

287 2969 375 3034 idem
405 2970 495 3036 locus
525 2970 728 3056 cingebatur,
756 2974 828 3034 tum
856 2974 1033 3054 petrarum,
1059 2973 1132 3034 turn
1158 2971 1332 3058 lignorum,
1344 2938 1500 3069 ffintff'spfffl

287 3077 368 3149 tum,
399 3073 488 3159 quod
528 3072 672 3137 maxime
702 3072 738 3135 in
776 3071 929 3134 humanis
963 3072 1190 3137 necessitatem
1225 3073 1333 3158 juvat,
1345 3071 1479 3148 negano.

287 3175 507 3260 pecuniarum.
554 3175 628 3255 Qua
649 3173 842 3238 necessitate
857 3172 1048 3259 compulsus
1066 3174 1218 3238 dominus
1232 3175 1334 3239 abbas
1345 3137 1461 3252 {iffi

290 3277 464 3355 Walterus,
488 3276 675 3342 convocatis
702 3275 745 3339 ad
767 3298 801 3339 se
821 3275 909 3339 binis
929 3274 1089 3339 fratribus
1111 3276 1183 3356 loci,
1206 3269 1382 3341 honori-S*-
1395 3270 1485 3347 ngin

288 3380 347 3443 fico
373 3379 526 3443 omnibus
552 3377 740 3443 necessariis
764 3376 962 3441 sufficienter
986 3377 1161 3463 dispositis,
1186 3400 1259 3443 cum
1285 3343 1487 3467 rc-ffioiilyoefof

289 3482 400 3567 liquiis
424 3481 531 3546 sancti
557 3481 660 3566 patris
690 3480 794 3545 nostri
818 3478 965 3565 Eegwini
996 3480 1069 3543 illos
1098 3502 1157 3566 per
1177 3469 1486 3584 Angliamffilgffffine

289 3584 420 3650 direxit.
482 3583 549 3663 Qui
581 3587 743 3668 praecepto
776 3581 958 3667 spiritualis
989 3582 1094 3667 patris
1133 3583 1332 3661 obedientes,
1346 3601 1455 3652 Charon.

289 3709 391 3772 quum
414 3685 613 3771 aliquotiens
638 3684 795 3770 Angliam
820 3691 1058 3770 peragrassent,
1084 3686 1172 3750 tanti
1202 3687 1334 3772 patroni

290 3790 415 3854 meritis
438 3788 554 3874 adjuti,
579 3788 749 3872 pecuniam
775 3786 948 3872 plurimam
971 3809 1039 3852 suaa
1064 3788 1203 3853 ecclesiae
1226 3790 1335 3874 acqui-

289 3895 445 3967 siverunt,
474 3896 509 3955 et
538 3891 639 3954 etiam
670 3888 849 3952 multorum
891 3888 1083 3953 salvationis
1114 3913 1151 3954 ac
1181 3893 1333 3955 sanitatis

290 3995 545 4059 emolumentum
572 4014 630 4078 per
654 3996 804 4055 sanctum
835 3991 897 4054 Dei
928 3991 969 4056 ab
993 3989 1229 4078 Ornnipotente
1259 4016 1333 4058 con-

289 4119 412 4161 oessum
435 4094 531 4158 nobis
554 4094 660 4157 veraci
691 4093 777 4177 stylo
801 4092 1085 4157 transcribendum
1115 4095 1332 4163 tradiderunt.

291 4197 498 4262 Proferamus
517 4218 598 4281 ¹ergo
630 4196 665 4258 in
699 4194 843 4257 medium
877 4216 980 4279 panca
1003 4194 1043 4257 de
1066 4195 1186 4272 multis,
1213 4198 1257 4262 ad
1279 4199 1335 4265 de·

290 4299 480 4367 clarandum
502 4297 611 4361 virum
634 4297 776 4362 virtutis.

333 4403 445 4483 Qarnm
476 4400 625 4486 praedicti
656 4399 773 4464 fratres
804 4399 847 4463 ad
881 4398 1128 4464 Oxinefordiam
1154 4400 1232 4467 fulti
1262 4405 1336 4470 reli-

290 4505 375 4592 quiis
397 4503 502 4568 sancti
518 4502 666 4588 Ecgwini
688 4501 871 4566 laetabundi
893 4503 1124 4587 pervenissent,
1141 4512 1176 4569 et
1198 4507 1335 4573 verbum

293 4609 361 4683 Dei,
384 4605 505 4692 populo
519 4609 694 4690 spectante,
719 4604 958 4689 parandicassent,
974 4604 1107 4688 quidam
1123 4607 1176 4671 vir
1198 4631 1334 4697 magnae,

293 4716 329 4774 ut
351 4707 560 4797 postmodum
582 4706 709 4783 claruit,
730 4705 814 4785 fidei,
832 4707 874 4771 ad
889 4706 1045 4772 feretrum
1067 4710 1171 4774 sancti
1186 4707 1335 4799 Ecgwini
