3270 5656
438 809 640 861 osaourcou
662 810 818 861 annana
842 813 887 861 nn
910 812 1077 864 uvnsasu.
1237 803 1279 865 33

656 1107 760 1164 Laeuo
781 1107 852 1165 v11.

276 1273 348 1346 Quis
378 1275 441 1348 jam
470 1289 527 1329 non
563 1273 669 1328 dixerit
698 1273 816 1328 beatum
854 1273 974 1328 Petrum
1005 1273 1041 1328 ad
1071 1280 1163 1330 artem
1195 1294 1277 1331 snam

235 1368 371 1424 veterem,
384 1358 521 1414 videlicet
535 1358 729 1430 piscatoriam,
749 1375 909 1422 reversum,
930 1358 980 1429 qui
1000 1360 1083 1429 quasi
1101 1360 1132 1413 in
1149 1361 1205 1414 reti
1224 1380 1277 1416 suo

236 1444 341 1516 piscem
365 1443 403 1499 ad
432 1445 534 1498 urbem
558 1460 610 1514 per
629 1448 673 1497 tot
696 1443 789 1496 maria
818 1442 908 1497 traxit
934 1449 969 1496 ut
999 1444 1119 1497 fratrem
1144 1462 1229 1499 suum
1260 1464 1277 1499 a

236 1529 356 1584 vinculis
368 1529 497 1600 eorporis
510 1527 681 1582 absolverat.
713 1526 759 1580 Ne
772 1527 870 1596 itaque
883 1527 970 1580 alicui
983 1527 1045 1581 brec
1058 1527 1126 1598 quia
1138 1529 1277 1584 inusitata

234 1614 291 1684 jam
311 1613 506 1685 impossibilia
528 1611 692 1675 videantur,
719 1611 906 1665 conferantur
926 1611 983 1665 ista
1000 1611 1047 1664 his
1073 1629 1138 1682 qum
1157 1620 1275 1684 proptor

237 1698 327 1769 ipsum
351 1696 432 1751 Deus
455 1703 522 1768 post
544 1696 622 1750 beati
646 1685 713 1750 riri'
727 1694 934 1766 depositionem
964 1695 1137 1750 mirabiliter
1161 1697 1274 1767 operari

237 1781 366 1853 dignatus
386 1789 449 1846 est;
469 1787 499 1835 et
517 1781 542 1835 si
559 1779 734 1835 videbuntur
752 1778 906 1843 mirabilia,
927 1777 1059 1833 desinent
1070 1786 1166 1834 tamen
1181 1781 1274 1835 videri

237 1865 431 1938 impossibilia,
447 1865 515 1936 quia
527 1882 562 1918 ca
582 1881 646 1935 quas
667 1870 787 1918 eventus
809 1861 977 1918 assiduitate
998 1862 1171 1917 didicimus¹
1191 1866 1274 1935 qnasi

238 1949 356 2021 quodam
373 1967 430 2004 usu
449 1965 525 2020 saepe
543 1949 574 2003 in
591 1947 723 2003 habitum
741 1947 846 2001 mentis
858 1947 1009 2001 vertimus
1049 1946 1166 2002 Sancita
1183 1949 1276 2019 igitur

237 2033 391 2106 apatribus
403 2032 466 2087 dies
485 2050 579 2086 annua
597 2049 655 2104 qua
665 2030 766 2086 beatus
780 2031 936 2101 Ecgwinus
948 2030 1020 2085 adiit
1032 2032 1162 2086 coelestia
1172 2050 1273 2103 regna,

238 2123 301 2188 quot
331 2117 414 2172 annIs
445 2122 510 2189 post
541 2115 749 2187 depositionem
785 2114 848 2185 ejus
881 2115 1018 2169 illuxerat
1047 2115 1160 2180 festiva,
1198 2135 1274 2189 saepe

238 2202 365 2272 superius
395 2201 544 2256 miraculis
576 2200 729 2255 illustrata.
791 2199 862 2269 Qua
892 2200 968 2255 iuter
997 2200 1128 2255 natalitia
1158 2200 1274 2257 Domini

238 2285 369 2342 solemnia
388 2286 535 2358 duplicata
545 2285 646 2356 populi
665 2289 694 2339 et
712 2283 829 2338 familiae
842 2301 902 2338 sum
914 2283 1043 2354 refulget
1059 2284 1170 2351 latitia,
1191 2290 1275 2358 quasi

238 2386 336 2426 corona
355 2388 445 2426 aurea
464 2370 526 2425 solo
547 2386 726 2442 repercussa.
781 2367 919 2423 Accurrit
946 2368 1031 2422 solito
1053 2370 1195 2440 populosa
1218 2372 1274 2426 sre-

238 2456 349 2525 quentia
367 2454 404 2510 ad
422 2454 549 2510 celebria
565 2454 639 2509 tanti
664 2453 753 2525 patris
777 2451 893 2524 gaudia.
940 2450 1006 2505 Nox
1026 2452 1090 2522 ipsa
1110 2453 1228 2509 luciflua
1246 2464 1275 2511 et

238 2539 292 2594 dies
311 2540 454 2611 praec-lara
471 2544 556 2594 cantu
569 2544 599 2592 ct
616 2537 703 2592 laude
723 2537 907 2592 continuatur
926 2535 1039 2591 excelsa
1058 2553 1125 2590 cum
1141 2537 1274 2608 jocundi·

237 2629 288 2678 tale
306 2624 421 2689 festiva,
440 2641 493 2678 nec
512 2622 617 2677 desunt
634 2622 721 2677 solit-a
743 2620 854 2676 Christi
872 2621 1013 2675 beneficia
1024 2621 1214 2677 servitoribus
1227 2625 1273 2679 rel

237 2707 392 2779 hospitibus
422 2707 484 2762 suis
513 2712 622 2778 parata,
648 2723 701 2761 nec
729 2704 835 2759 desunt
857 2711 923 2776 post
951 2706 1106 2760 missarum
1135 2707 1275 2762 solemnia

238 2792 423 2863 competentia
442 2792 631 2846 refectionum
652 2790 787 2860 insignia.
836 2788 894 2843 Sed
918 2789 1003 2845 modo
1027 2790 1151 2862 piscium
1176 2793 1275 2849 deerat

238 2877 320 2947 copia,
343 2884 377 2932 ιιι
395 2876 556 2934 mirabilior
574 2880 727 2948 appareret
745 2873 801 2928 Dei
819 2872 923 2946 gratia.

646 3115 751 3170 Lucrro
769 3113 857 3170 VIII.

267 3271 359 3342 Quum
379 3288 450 3340 ergo
471 3287 558 3340 super
575 3268 629 3322 hoc
651 3269 715 3339 ipso
735 3285 818 3321 mane
836 3269 961 3338 pastoris
986 3270 1149 3325 officiositas
1168 3271 1271 3327 fratros
1286 3290 1432 3341 thcleof

237 3354 333 3411 derata
356 3356 554 3426 alloqueretur
578 3352 706 3414 caritate,
728 3353 896 3422 supervenit
926 3354 1041 3424 quidam
1068 3356 1118 3426 qui
1143 3355 1216 3410 dixit
1241 3375 1272 3411 sc
1285 3358 1327 3407 the
1338 3367 1438 3421 capture

236 3441 310 3495 mirra
328 3438 538 3511 magnitudinis
557 3437 668 3508 piscem
686 3437 870 3507 conspexisse
892 3438 922 3490 in
940 3438 1003 3508 ipsc
1016 3439 1093 3510 quod
1107 3440 1272 3496 subterfluit
1285 3425 1337 3474 οἶα
1348 3425 1399 3474 ⁸⁰³¹
1410 3425 1437 3474 i¹¹

236 3526 403 3579 monasterio
436 3523 563 3587 flumine.
620 3520 761 3575 Continuo
790 3520 862 3574 illuc
901 3524 1103 3589 concnrritur;
1140 3524 1269 3596 spiculis,
1285 3492 1422 3542 ‘helim'

232 3608 341 3677 jaculis,
365 3614 395 3662 et
415 3607 527 3661 cernetis
555 3605 741 3659 armamentis
759 3604 859 3676 prada
876 3605 1017 3670 obruitur,
1038 3609 1160 3679 capitur,
1180 3616 1271 3664 extra-

235 3694 324 3757 hitnr;
344 3698 432 3762 atquo
445 3708 541 3744 eoram
554 3688 675 3761 pedibus
695 3689 894 3743 ministrorum
913 3690 1031 3746 Domini
1044 3694 1205 3764 exponitur,
1221 3695 1271 3764 qui

233 3777 317 3847 piscis
329 3794 347 3830 a
359 3774 540 3830 scholasticis
558 3771 673 3843 phoca²
690 3773 864 3827 nominatur.
903 3774 1025 3831 Extollit
1037 3778 1161 3849 populus
1174 3779 1270 3832 visum

234 3860 411 3923 miraculum,
432 3865 462 3912 et
480 3859 606 3912 clamosa
626 3856 712 3911 laude
730 3863 899 3912 cunctorum
918 3859 1098 3928 glorificatur
1116 3863 1147 3915 in
1172 3870 1270 3917 sancto

233 3963 281 3999 sno
310 3943 449 4014 Ecgwino
479 3941 615 4011 Largitur
644 3941 772 3995 omnium
803 3941 951 3996 bonorum.
1005 3944 1162 4015 Nunquam
1193 3947 1269 4000 enim

231 4038 311 4083 :mtea
322 4029 403 4084 risus
428 4032 473 4080 est
489 4026 577 4095 hujus
596 4025 711 4095 generis
730 4026 818 4097 piscis
836 4027 867 4079 in
885 4027 938 4079 hoc
959 4027 1086 4091 flumine,
1108 4030 1158 4083 sed
1176 4048 1270 4099 neque

232 4114 258 4166 in
282 4121 342 4168 tota
359 4111 455 4182 patria
472 4110 606 4164 inventus
630 4116 676 4164 est
693 4117 779 4164 tantm
798 4110 1006 4180 magnitudinis
1025 4113 1055 4166 in
1073 4114 1126 4167 hoc
1145 4132 1268 4183 genero;

232 4199 287 4269 qui,
314 4195 488 4251 distributus
515 4193 660 4263 largiflue,
689 4200 719 4248 et
748 4194 915 4249 domesticis
948 4203 978 4250 et
1001 4195 1119 4250 advenis
1156 4198 1271 4254 suffecit

230 4282 368 4351 gratifice.
406 4278 508 4333 Nonne
526 4278 607 4348 pium
624 4285 669 4332 est
686 4278 803 4333 credero
822 4279 858 4332 ob
876 4279 1013 4334 meritum
1026 4282 1117 4335 suncti
1140 4281 1269 4351 Ecgwini

230 4366 343 4422 beatum
364 4365 493 4427 Petrum,
515 4362 597 4433 quasi
617 4368 679 4417 arte
698 4380 750 4418 sua
768 4363 931 4434 piscatoria,
947 4363 1046 4418 eadem
1060 4370 1201 4436 potestate
1214 4384 1271 4436 qna

230 4547 403 4555 ———-
411 4545 518 4552 ---.-.-
528 4544 544 4552 φ
558 4545 654 4552 ...-——
662 4546 909 4553 ·---..-—---.-
920 4547 992 4554 ..α--
1002 4548 1055 4554 -..—

261 4707 267 4736 ¹
280 4705 421 4773 didicimus]
436 4704 589 4761 didiscimus,
602 4704 657 4755 MS.
762 4705 768 4772 Ι
814 4707 824 4735 ²
832 4705 925 4772 phoca]
940 4706 1002 4764 foca,
1014 4707 1070 4758 MS.

1119 4808 1139 4855 C
