3270 5656
392 795 594 847 csaouroou
616 795 777 847 6661016
799 797 846 847 06
868 796 1040 847 6066660.
1177 785 1241 851 203

185 983 303 1069 scripti
327 983 607 1047 confirmationem
631 982 790 1069 petebant
811 985 1093 1049 excommunicare
1116 989 1151 1050 et
1174 1002 1321 1055 ma-an.
1336 1010 1407 1057 laco.

185 1087 329 1172 gistrum
353 1084 510 1150 Thomam
534 1086 574 1150 de
597 1084 787 1150 Northuuic
810 1091 845 1150 61
866 1107 919 1150 me
942 1087 1075 1173 penitus
1098 1110 1119 1152 a
1141 1088 1240 1154 domo

187 1194 301 1253 nostra
323 1188 495 1275 expellere,
511 1187 569 1253 sed
582 1187 689 1252 fidelis
713 1194 748 1253 61
770 1193 923 1253 constans
949 1194 1132 1256 conventus
1154 1191 1240 1257 Eve-

186 1291 374 1369 shamensis,
403 1291 496 1376 cujus
527 1291 684 1355 memoria
715 1290 751 1354 in
783 1291 1009 1357 benedictione
1039 1293 1093 1370 sit,
1123 1293 1240 1359 similis

186 1394 341 1459 Jeremiae
370 1394 510 1459 fratrum
541 1394 691 1470 amatori,
718 1392 818 1479 elegit
846 1395 951 1479 magis
980 1393 1151 1461 nobiscum
1189 1418 1238 1462 re·
1251 1432 1281 1467 11.
1293 1418 1375 1469 Maec.

185 1498 299 1563 cedere
328 1518 428 1581 quam
460 1497 652 1582 permittere
678 1500 812 1560 tantum
846 1518 906 1560 nos
937 1496 1019 1561 duos
1052 1497 1238 1585 periclitari
1251 1500 1294 1535 xv.
1310 1491 1348 1536 ¹⁴·

187 1598 297 1684 Igitur
326 1598 412 1663 inito
442 1597 576 1663 consilio
606 1597 806 1663 tradidimus
840 1598 974 1663 senibus
1006 1604 1041 1665 et
1074 1600 1239 1666 valetudi-
1252 1617 1407 1671 Thomnaue

187 1702 288 1767 uariis
310 1701 464 1787 reliquias
488 1704 522 1765 et
544 1700 735 1765 thesaurum
757 1701 908 1779 ecclesiae,
932 1702 1077 1789 sigillum
1091 1704 1128 1767 in
1151 1684 1406 1805 terrafnfflirffl

188 1804 426 1883 abscondimus,
450 1809 484 1868 et
506 1803 570 1888 ipsi
593 1804 654 1868 sub
677 1803 819 1889 periculo
842 1805 962 1871 animae
985 1827 1054 1871 suae
1076 1828 1180 1892 usque
1195 1807 1239 1871 ad
1251 1820 1382 1896 pergere

187 1907 379 1972 effusionem
405 1907 575 1991 sanguinis
613 1904 683 1971 haec
712 1913 906 1992 receperunt
937 1907 1151 1983 observanda,
1187 1900 1377 2018 in-}‚¹2{³1e}{¹{,y

182 2009 299 2093 juncto
329 2011 430 2074 etiam
461 2010 507 2074 eis
529 2013 569 2072 01
590 2009 618 2071 61
641 2008 742 2072 abbas
770 2008 883 2094 aliqua
912 2031 955 2074 cx
984 2011 1036 2075 his
1059 2010 1160 2076 vellet
1189 2011 1389 2097 di-thcabbot,

187 2112 301 2198 ripere,
316 2111 484 2199 publicum
507 2111 699 2175 invocarent
722 2111 905 2191 auxilium3
929 2116 964 2177 et
986 2117 1120 2200 accepta
1142 2086 1329 2179 bene-¹hlrty

188 2214 340 2292 dictione,
366 2235 455 2279 more
481 2214 546 2279 iter
568 2214 748 2298 agentium,
772 2213 809 2278 in
831 2213 883 2278 die
913 2219 1036 2280 sanctae
1066 2215 1238 2281 Katcrinae
1250 2153 1361 2284 11011116

188 2319 272 2382 cirea
295 2317 410 2382 horam
434 2317 499 2381 diei
524 2316 659 2381 tertiam
682 2320 884 2380 recesserunt
906 2315 1077 2381 nobiscum
1099 2319 1239 2404 triginta
1250 2287 1332 2415 iffi
1343 2288 1406 2337 'mh

189 2419 340 2485 monachi
382 2440 494 2484 omnes
538 2418 672 2504 pedites,
710 2418 884 2482 succinctis
922 2418 1066 2498 renibus,
1104 2420 1238 2485 baculos
1250 2426 1282 2471 2⁵
1294 2420 1361 2471 1⁴⁰*-

189 2522 349 2588 habentes
370 2523 407 2586 in
429 2522 590 2597 manibus
613 2541 672 2606 per
696 2519 856 2604 quosdam
885 2521 1004 2585 fratres
1034 2521 1238 2607 appellantes

188 2647 295 2690 coram
319 2623 440 2689 abbate
462 2624 518 2709 qui
541 2622 677 2687 sedebat
693 2627 773 2686 tunc
796 2645 855 2708 pro
871 2623 1030 2688 tribunali
1045 2624 1082 2687 in
1097 2624 1237 2710 quadam

189 2727 347 2792 6606610
373 2725 497 2812 0606116
528 2724 632 2790 sancti
657 2724 839 2801 Laurentii,
864 2730 899 2789 et
923 2724 1040 2791 videns
1067 2748 1127 2791 nos
1151 2749 1239 2792 rece·

189 2830 274 2908 dere,
310 2850 493 2894 convocans
531 2848 742 2913 quoscunque
780 2828 891 2912 potuit
929 2829 1059 2905 amicos,
1098 2831 1238 2916 sumptis

189 2933 289 2997 armis
312 2937 346 2996 et
369 2930 510 2996 ascensis
539 2930 640 3016 equis,
671 2952 746 2994 cum
778 2930 871 3015 equis
902 2930 1002 2995 annis
1032 2936 1067 2996 et
1096 2932 1238 2997 fustibus

190 3036 356 3100 insecutus
378 3040 429 3099 est
450 3055 517 3098 nos.
564 3032 610 3096 Et
633 3054 735 3118 quum
753 3031 825 3116 jam
847 3033 1101 3098 ascendissemus
1124 3034 1238 3099 collem
1251 3043 1379 3109 Theyare

189 3138 245 3223 qui
264 3142 315 3202 est
338 3137 375 3201 in
398 3158 512 3221 eampo
531 3136 571 3199 dc
595 3134 789 3200 Wikewone
812 3136 906 3199 venit
928 3135 970 3199 ad
992 3157 1060 3211 nos,
1085 3141 1119 3201 61
1136 3136 1239 3221 jussit
1250 3114 1406 3231 {hufffly

189 3246 227 3306 01
258 3246 428 3315 staremus,
453 3243 488 3302 61
517 3237 671 3301 stetimus
698 3236 776 3300 hinc
802 3241 837 3301 et
866 3237 952 3313 hinc,
974 3237 1107 3322 publica
1132 3244 1238 3303 strata
1250 3246 1345 3295 andan

188 3342 306 3418 modia,
333 3348 367 3406 61
397 3362 478 3405 crux
509 3340 617 3425 posita
646 3343 717 3403 erat
747 3338 783 3401 in
813 3359 859 3402 ea
905 3336 1051 3403 Tandem
1078 3339 1239 3406 allocutus
1250 3312 1382 3445 {Qum

188 3454 238 3509 661
261 3444 417 3530 quosdam
448 3443 489 3507 de
519 3441 701 3506 senioribus
728 3440 784 3525 qui
809 3439 1011 3505 videbantur
1033 3464 1144 3528 regere
1170 3465 1238 3522 nos,

187 3553 221 3612 ct
259 3547 391 3633 rogavit
429 3566 483 3609 606
513 3550 553 3608 01
591 3543 745 3608 venirent
782 3542 825 3607 ad
864 3564 949 3622 eum,
979 3548 1015 3608 61
1052 3544 1238 3631 primicerio

187 3655 300 3714 nostro
330 3648 555 3734 respondente,
595 3654 610 3679 “
627 3645 697 3731 Ego
727 3645 814 3708 vado
844 3645 887 3711 ad
917 3646 1071 3712 abbatem
1101 3648 1239 3725 menm‚''

186 3773 339 3817 accensus
366 3758 416 3814 est
442 3748 532 3813 furor
556 3748 692 3811 alterius
716 3748 803 3810 66016
826 3770 922 3833 006ῐο
946 3756 1131 3831 vocaverat,
1155 3750 1238 3816 Wil-

186 3853 288 3918 lielmi
312 3852 465 3917 videlicet
491 3851 532 3914 de
559 3849 695 3928 Lithun,
721 3849 814 3933 cujus
837 3851 994 3914 memoria
1015 3850 1061 3915 sit
1082 3852 1118 3917 in
1140 3854 1238 3919 benc-

186 3957 339 4032 dictione,
371 3959 406 4018 et
444 3953 536 4039 quasi
569 3950 653 4016 alter
692 3950 897 4016 Mathathias
934 3952 1104 4037 increpans
1140 3954 1235 4019 illum

188 4060 283 4137 dixit,
316 4056 444 4120 “Absit
476 4077 497 4119 a
526 4076 578 4119 me
610 4061 645 4119 61
677 4053 826 4139 quolibet
855 4053 941 4117 bono
972 4054 1043 4117 viro
1074 4055 1163 4139 quod
1191 4058 1234 4121 ab

187 4162 358 4226 “unitate
380 4164 415 4224 et
436 4158 579 4223 veritato
602 4162 636 4221 61
660 4156 876 4220 universitate
899 4155 1048 4220 recedam
1060 4155 1097 4235 ;’'
1119 4163 1153 4222 61
1173 4158 1235 4224 hoc

183 4286 330 4330 sannone
352 4263 474 4327 multos
496 4260 704 4335 confortavit,
729 4259 810 4322 61106
837 4258 1052 4336 confirmavit,
1076 4261 1234 4344 quosdam

183 4368 227 4432 ab
260 4386 367 4431 errore
399 4363 576 4429 revocavit.
634 4362 748 4425 Abbas
771 4383 849 4425 vcro
872 4361 990 4425 videns
1014 4365 1234 4428 constantiam

183 4474 332 4535 nostnrm
368 4467 524 4554 pracepit
561 4466 628 4530 6016
666 4470 705 4529 01
743 4469 952 4549 percuterent
989 4465 1023 4528 iu
1060 4465 1170 4550 gladio
1200 4473 1236 4532 61

183 4577 339 4659 caperent
370 4593 438 4647 nos,
475 4574 510 4633 et
548 4567 709 4652 congressi
749 4589 861 4631 suiuus
891 4566 1050 4633 habentes
1080 4567 1234 4633 fiduciam
1248 4631 1359 4682 whom

184 4679 219 4743 iu
255 4674 408 4751 Domino,
442 4673 582 4736 inermes
613 4674 730 4734 contra
763 4674 916 4735 armatos.
974 4669 1029 4735 1111
1063 4691 1142 4736 vero
1176 4694 1233 4736 cx·
1247 4699 1337 4749 benun
1349 4699 1403 4751 ina
