3270 5656
431 794 635 845 esaomeos
657 793 814 844 sasima
837 794 884 842 aa
906 792 1077 844 evasum.
1214 778 1278 847 137

234 987 318 1040 copus
342 975 503 1039 praenotata
527 986 594 1040 quae
618 968 786 1052 intendebat
809 985 866 1021 non
889 966 1050 1038 probasset,
1082 967 1113 1021 in
1137 967 1188 1020 illc
1215 976 1445 1037 pos-A.D.1204.

235 1054 355 1108 sessorio
379 1054 534 1108 monachos
559 1053 597 1107 ab
621 1053 803 1123 impetitione
828 1051 966 1124 episcopi,
990 1050 1071 1106 salva
1094 1051 1279 1122 proprietatis
1360 1066 1368 1080 ·

235 1156 325 1204 (ausa,
347 1138 518 1194 auctoritate
534 1136 669 1208 judiciali
689 1136 876 1192 absolvimus,

378 1434 512 1501 Relatio
533 1433 696 1519 jadicem
721 1432 768 1497 ud
795 1431 977 1498 minam
993 1452 1131 1518 popam.

277 1601 338 1666 Est
357 1607 471 1666 autern
492 1601 598 1666 forma
619 1600 788 1665 relationis
810 1599 996 1684 hujusmodi
1010 1623 1064 1661 :—

279 1740 468 1796 Sanctissimo
480 1740 598 1795 domino
610 1745 640 1795 et
650 1740 727 1811 patri
743 1740 774 1794 in
787 1739 904 1795 Christo
916 1739 1067 1795 carissimo
1085 1732 1281 1808 I[nnocentio]
1294 1724 1350 1808 'l'lffe
1355 1744 1427 1809 ‚001⁰-

239 1824 288 1878 Dei
305 1826 402 1896 gratia
425 1831 532 1880 sanctae
553 1824 692 1879 Romana
710 1824 788 1879 sedis
809 1842 922 1879 summo
940 1823 1079 1895 pontifici,
1103 1818 1282 1893 G[alsridus]
1293 1797 1445 1914 {nmffigm’

238 1908 328 1963 divina
342 1910 534 1980 permissione
552 1908 649 1964 dictus
668 1909 819 1980 episeopus
838 1914 868 1963 et
879 1909 898 1963 J
902 1905 1061 1979 [orbertus]
1082 1907 1161 1978 prior
1173 1905 1283 1960 Coven·
1295 1879 1419 1996 ῐζὲορορθ·

238 1994 312 2047 troia>
337 2001 368 2048 et
387 1989 559 2064 R[icardus]
595 1993 813 2048 archidiaconus
832 1993 1072 2063 Norbamptouiae
1099 1991 1233 2055 salutem,
1253 1997 1283 2044 et

238 2083 397 2148 promptum
409 2077 441 2131 in
452 2077 587 2131 omnibus
600 2095 666 2131 cum
678 2076 844 2131 humillima
856 2077 1035 2147 subjectione
1048 2082 1078 2130 et
1089 2075 1188 2130 debita
1199 2093 1281 2128 reve·

239 2161 326 2216 rcutia
341 2161 523 2215 famulatum.
562 2160 700 2232 Receptis
725 2160 886 2216 sanctitatis
904 2165 1010 2216 vestras
1034 2159 1128 2214 literis
1147 2159 1178 2212 in
1196 2174 1283 2213 causa

239 2261 296 2314 quis
305 2245 382 2300 inter
391 2245 541 2299 dominum
548 2243 773 2315 Wigorneusem
782 2250 812 2298 et
823 2244 957 2299 abbatem
965 2249 995 2299 et
1002 2243 1157 2299 monachos
1165 2242 1202 2296 de
1209 2243 1283 2296 Eve-

237 2329 311 2383 sham
320 2345 409 2400 super
428 2335 506 2384 statu
518 2327 676 2383 eorundem
688 2328 896 2383 monachorum
904 2335 934 2383 et
942 2328 1112 2384 monasterii
1125 2327 1172 2383 sui
1183 2332 1279 2381 verte·

236 2411 322 2478 batur,
342 2430 408 2467 eam
421 2430 486 2483 quas
507 2430 541 2466 ex
560 2410 672 2466 eisdem
684 2411 780 2467 literis
793 2412 1025 2482 consequebatur
1050 2411 1162 2480 negotii
1182 2425 1281 2479 prose-

240 2496 379 2550 cutionem
395 2514 462 2550 cum
480 2513 595 2550 summa
611 2494 766 2566 diligentia
776 2513 829 2567 pro
842 2495 960 2550 modulo
972 2493 1157 2549 discretionis
1176 2497 1283 2547 nostra

241 2578 432 2634 adhibuimus.
472 2579 515 2634 Ea
535 2577 682 2649 siquidem
705 2597 830 2649 quorum
842 2584 904 2634 tam
922 2577 1051 2650 cognitio
1064 2595 1152 2649 qnam
1168 2576 1278 2631 decisio

239 2663 314 2717 uobis
333 2664 390 2718 suit
408 2663 566 2718 commissa
584 2662 654 2718 lieet
671 2680 728 2717 non
747 2664 811 2718 sine
828 2664 922 2718 multo
934 2663 1033 2717 labore
1049 2668 1080 2717 at
1093 2661 1180 2717 taedio
1197 2659 1283 2732 plene

240 2747 441 2818 expedivimus.
492 2747 551 2801 Illa
574 2764 645 2802 vero
669 2764 795 2817 quorum
814 2747 966 2817 inquisitio
987 2745 1071 2801 nobis
1092 2747 1150 2801 fuit
1167 2746 1283 2800 deman-

238 2830 306 2895 data,
335 2831 466 2887 definitio
485 2849 559 2886 vero
593 2831 773 2886 excellentiae
800 2840 907 2886 vestrae
931 2837 1090 2895 reservata,
1118 2835 1219 2901 utpote
1246 2828 1282 2882 de

240 2921 309 2969 statu
328 2915 414 2970 vallis
443 2921 472 2970 et
500 2915 537 2970 de
563 2914 744 2987 exemptione
768 2914 937 2969 monasterii
962 2914 998 2969 de
1023 2913 1168 2969 Evesham
1192 2929 1281 2982 nogo-

239 2997 314 3062 tium,
336 3000 542 3070 inpraesentia
563 3003 663 3053 nostra
684 2996 735 3052 diu
759 3003 789 3052 ct
808 2997 965 3068 diligenter
988 2997 1125 3052 ventilari
1147 2997 1280 3059 fecimus,

239 3087 263 3135 et
277 3083 361 3152 juxta
381 3088 511 3138 tenorem
535 3081 748 3136 commissionis
773 3087 879 3136 vestris
906 3081 1022 3136 tandem
1047 3098 1164 3136 causam
1188 3080 1282 3150 ipsam

239 3165 404 3220 instructam
420 3166 588 3236 paternitati
600 3172 707 3220 vestrm
719 3165 955 3229 transmittimus,
974 3164 1133 3219 terminum
1149 3162 1281 3232 partibus

240 3266 289 3317 quo
313 3268 411 3306 coram
441 3250 523 3304 vobis
554 3249 728 3304 sententiam
758 3255 919 3319 receptura
946 3253 1141 3318 compareant,
1169 3245 1283 3300 scilieet

239 3331 309 3386 diem
330 3341 498 3388 octavarum
516 3334 594 3388 beati
608 3333 739 3397 Martini,
757 3333 951 3403 praefigentes.
989 3330 1108 3402 Nequid
1125 3330 1213 3385 ctiam
1232 3347 1280 3383 ns·

239 3416 365 3471 cessuria
387 3416 587 3471 instructionis
609 3416 694 3481 desit,
715 3416 924 3486 transcriptum
943 3421 1050 3469 vestras
1069 3413 1281 3468 commissionis

239 3517 298 3554 cum
312 3500 546 3556 attestationibus
564 3506 594 3555 et
610 3503 738 3570 partium
755 3498 1001 3570 disputationibus
1018 3498 1073 3553 sub
1090 3497 1197 3567 sigillis
1216 3515 1280 3552 nos·

240 3586 295 3649 tu's,
318 3585 476 3655 privilegia
500 3601 615 3655 quoque
637 3583 793 3654 originalia
814 3583 945 3654 ipsorum
964 3582 1180 3647 monachorum,
1201 3599 1282 3636 sanc-

239 3667 309 3723 titati
330 3675 437 3723 vestra
456 3668 692 3733 transmittimus,
718 3668 749 3722 in
768 3667 825 3722 rite
847 3668 920 3723 actis
946 3685 964 3720 a
987 3668 1071 3721 nobis
1092 3667 1281 3722 dominationi

239 3758 337 3806 vestra
355 3752 485 3806 debitum
510 3753 702 3816 exsolventes,
728 3753 760 3805 in
780 3769 865 3807 secus
884 3752 976 3822 gestis
997 3751 1046 3806 vel
1064 3769 1117 3820 per
1138 3751 1282 3805 incuriam

239 3835 347 3890 omissis
378 3835 611 3890 insufficientiam
641 3853 699 3906 qua
731 3834 928 3890 laboravimus
961 3835 1114 3889 humiliter
1142 3852 1281 3905 recogno·

240 3924 353 3974 scentes.
405 3920 471 3974 Hoc
498 3926 596 3974 autem
623 3919 660 3973 sd
684 3919 854 3974 instantiam
875 3918 1004 3989 partium
1024 3918 1178 3988 adjicimus
1203 3917 1281 3989 quod

239 4010 334 4058 neutra
357 4022 425 4074 pars
450 4003 676 4074 allegationibus
704 4002 735 4056 in
757 4003 913 4073 prasentia
936 4006 1043 4065 vestra,
1076 4001 1101 4056 si
1124 4001 1278 4071 placuerit,

239 4088 427 4159 proponendis
444 4088 636 4143 renunciavit.
675 4087 752 4142 Item
770 4094 800 4143 et
813 4087 889 4142 illud
901 4085 1120 4156 exprimendum
1133 4083 1278 4148 duximus,

240 4173 310 4240 quod
330 4173 488 4243 privilegia
512 4173 576 4241 ipsa
598 4172 748 4226 monachis
772 4171 808 4226 de
830 4171 985 4234 Evesham,
1011 4169 1187 4240 transcripta
1210 4186 1280 4223 vero

239 4254 348 4311 domino
377 4256 574 4327 Wigornensi,
605 4255 687 4311 vobis
712 4255 914 4327 praesentanda
942 4255 978 4309 de
1003 4255 1158 4325 utriusque
1187 4253 1279 4323 partis

239 4355 374 4395 consensu
398 4340 582 4395 tradidimus.
620 4339 728 4396 Praesit
745 4339 797 4395 diu
818 4345 848 4395 et
869 4356 983 4410 semper
1006 4337 1100 4410 prosit
1119 4335 1279 4393 universali

239 4425 361 4481 eeclesias
381 4424 518 4480 sauctitas
536 4429 642 4479 vestra.

605 4711 611 4740 ¹
629 4707 731 4774 aaa]
743 4707 858 4769 reesa,
868 4707 925 4759 ns.
