3264 5662
388 826 590 879 cuaomcou
613 828 772 878 unsrun
794 829 841 877 ns
863 828 1032 878 nvnsnru.
1171 811 1236 883 107

189 1027 312 1095 tamen,
347 1019 415 1083 Deo
446 1020 605 1104 adjutore,
635 1042 761 1107 semper
784 1041 901 1084 manus
923 1019 993 1104 ejus
1019 1018 1091 1083 vivi
1121 1017 1237 1103 effugi·
1252 1016 1398 1134 lmffioo

188 1144 275 1201 mus,
299 1122 448 1207 quamvis
470 1123 598 1188 dicatur
620 1124 707 1210 quod
731 1123 865 1209 quidam
888 1121 930 1187 ob
945 1121 1108 1187 defectum
1131 1141 1237 1185 neces-
1400 1122 1406 1133 '

187 1226 348 1290 sariorum
371 1226 547 1312 periemnt

190 1537 349 1606 Sorouda
382 1540 516 1627 quercla
549 1534 731 1607 conventus
767 1534 1016 1626 ‹rictiapiscopo
1053 1562 1127 1605 uara
1157 1546 1238 1605 tuuc

281 1643 391 1729 leuato,
415 1651 445 1709 ct
474 1643 734 1710 corumutotimzc
756 1644 946 1711 Suraburme
965 1666 1031 1730 pro
1055 1643 1238 1728 Tetlcstrop,

278 1753 307 1811 ct
330 1746 439 1812 turris
462 1746 712 1813 cormbrwtiorw.

236 1917 360 1982 lterum
399 1918 531 1983 miseria
562 1925 596 1983 et
622 1919 732 1985 inedia
765 1920 922 2006 compulsi
956 1919 1024 1985 haee
1058 1920 1139 1984 ferra
1171 1941 1238 1983 non
1250 1928 1355 2007 Second

190 2025 340 2105 potentes
375 2019 510 2086 domino
537 2021 777 2102 Cantuariensi,
802 2027 842 2087 ut
871 2043 930 2087 suo
963 2023 1094 2109 speciali
1129 2021 1237 2108 legato
1249 1997 1385 2112 munt

189 2124 341 2208 quamvis
374 2124 445 2209 jam
483 2146 549 2190 non
587 2126 739 2210 generali,
777 2126 811 2189 in
850 2126 1076 2191 transmarinis
1115 2125 1235 2212 agenti,
1248 2129 1405 2193 amhbishou

192 2227 291 2308 (unde
313 2226 416 2292 abbas
439 2227 599 2293 saeviendi
621 2233 839 2315 assumpserat
861 2228 1031 2294 audaciam
1044 2227 1072 2316 ¹)
1104 2228 1236 2315 scripse·
1249 2197 1317 2246 A'D'
1332 2203 1403 2247 ¹¹⁹&

186 2333 266 2393 runt
296 2329 447 2395 monachi
477 2353 551 2396 suas
583 2331 775 2397 afflictiones
804 2337 838 2397 et
867 2332 1000 2397 abbatis
1026 2331 1237 2417 tyrannidem

186 2438 222 2496 et
244 2432 521 2513 exordinationes,
545 2435 601 2519 qui
625 2442 800 2520 postquam
816 2436 914 2499 rediit
937 2432 1034 2498 valde
1057 2439 1237 2499 commotus

187 2536 282 2599 venit
305 2535 542 2614 Eueshamiam‚
579 2542 614 2601 et
644 2538 689 2601 ibi
721 2535 761 2601 de
792 2537 842 2601 his
873 2560 946 2623 [lura
984 2537 1135 2601 audierat
1164 2536 1239 2601 dili-

186 2644 319 2724 gentem
342 2639 420 2704 fecit
443 2640 695 2725 inquisitionem.
751 2640 816 2704 Sed
847 2640 948 2704 abbas
975 2645 1009 2704 st
1035 2647 1114 2704 tunc
1137 2638 1237 2704 etiam

186 2741 231 2804 ad
263 2746 343 2807 nota
373 2742 520 2806 subsidia
549 2742 746 2830 confugiens
777 2742 934 2807 fratribus
964 2743 1126 2828 corruptis
1153 2741 1237 2807 sicut

186 2844 277 2929 prius
304 2867 360 2931 per
382 2867 519 2911 munera
541 2852 575 2910 et
601 2847 720 2911 amicos
746 2868 829 2923 suos,
854 2846 1048 2912 obedientiis
1070 2846 1165 2910 nobis
1188 2869 1237 2911 re·

186 2949 324 3027 stitutis,
348 2972 458 3036 paoem
481 2950 544 3013 sibi
560 2948 784 3036 compararit.2
829 2949 964 3037 Recepit
979 2955 1090 3015 tamen
1106 2971 1145 3014 ea
1164 2950 1237 3014 vico

187 3073 247 3134 pro
284 3052 370 3116 bono
408 3054 496 3138 pacis
536 3052 742 3118 Sambrume³
772 3054 900 3131 iterum,
941 3059 975 3119 et
1013 3053 1105 3118 dedit
1141 3053 1236 3117 nobis

187 3153 415 3241 Thatlestrope
445 3155 487 3219 ad
510 3178 671 3220 cameram
702 3157 771 3221 loco
795 3157 953 3233 Burtune‚
976 3160 1010 3220 et
1042 3157 1087 3220 sic
1110 3178 1236 3241 semper

189 3257 360 3322 tribulatio
383 3259 513 3344 profuit.
569 3259 634 3323 Sed
657 3259 765 3324 adhuc
787 3282 888 3346 parvo
911 3264 1058 3344 tempore
1088 3281 1155 3344 pax
1177 3259 1236 3321 du·
1249 3276 1338 3325 Burin
1351 3278 1393 3327 the
1426 3295 1428 3303 ⁴

188 3360 296 3439 rarit;
327 3383 404 3424 nam
430 3361 558 3437 iterum,
585 3383 687 3447 parvo
712 3368 785 3449 post
808 3367 964 3447 occupato
996 3361 1233 3447 archiepiscopo
1247 3350 1380 3460 ζξῗὲὲὲπ

187 3484 247 3548 pro
277 3485 373 3527 eausa
403 3463 443 3528 de
474 3464 696 3550 Lamei[the⁴],
724 3464 816 3550 pejus
851 3486 949 3548 quam
972 3486 1119 3549 unquam
1142 3465 1232 3551 prius
1245 3477 1331 3542 things

186 3589 247 3630 nos
276 3566 461 3651 flagellavit,
493 3573 527 3631 et
557 3567 667 3632 omnia
696 3573 810 3631 nostra
840 3567 902 3631 sibi
934 3567 1168 3653 appropriavit,
1200 3559 1403 3662 etfflffz'fsgssls5⁰

187 3670 275 3734 facta
290 3676 369 3734 sunt
385 3670 564 3734 novissima
579 3677 692 3734 nostra
707 3671 817 3756 pejora
832 3671 1013 3756 prioribus;
1037 3676 1071 3735 et
1089 3672 1134 3736 sic
1149 3694 1234 3759 saepe

186 3771 360 3838 habuimus
383 3772 531 3837 redditus
553 3774 596 3837 ad
622 3796 681 3838 nos
704 3774 905 3859 pertinentes
928 3779 962 3839 et
985 3797 1070 3861 saepe
1094 3775 1140 3839 eis
1163 3797 1235 3861 spo·

186 3875 259 3939 liati
290 3898 425 3940 eramus.
473 3875 518 3939 Et
547 3877 698 3961 quamvis
736 3882 788 3941 tot
825 3877 962 3942 adversa
1000 3870 1234 3942 sustineremus

185 3984 298 4043 tamen
332 4002 389 4065 per
421 3979 584 4066 quendam
615 3980 862 4066 magnanimum
896 3985 930 4045 et
968 3980 1078 4067 magni
1109 3981 1235 4046 consilii

218 4244 379 4310 ¹cadmiam]
402 4246 532 4304 numnam,
552 4245 606 4297 MS.
635 4246 690 4296 The
710 4277 712 4303 ,
732 4251 747 4272 ·‘
764 4245 890 4310 corurptis,
902 4244 1046 4294 obedientiis
1057 4245 1189 4295 conventui
1202 4247 1233 4295 ad

183 4325 335 4387 archbishop
359 4324 436 4374 sailed
466 4325 519 4374 into
542 4323 690 4391 Normandy
709 4340 712 4408 p
732 4333 746 4352 “
764 4335 858 4389 tempus
870 4324 994 4381 restitutis.
1004 4339 1089 4387 paoem
1106 4324 1153 4373 sibi
1165 4341 1231 4373 com·

183 4413 215 4455 28
230 4405 296 4468 Sept„
313 4410 382 4453 1198.
419 4404 530 4454 Gervase
541 4404 571 4454 of
578 4406 648 4455 Cant.
663 4405 688 4453 in
709 4427 711 4447 ·
734 4411 747 4431 ·‘
765 4405 884 4468 paravit.''
919 4403 987 4454 Harl.
1000 4405 1102 4464 3763,ss
1118 4409 1172 4454 170.

181 4484 332 4547 Twysden's
355 4484 448 4532 Decem
474 4484 618 4546 Scriptores,
641 4487 687 4535 col.
708 4503 710 4575 p
765 4489 798 4513 ²“
812 4486 1006 4549 Sambornequae
1014 4486 1087 4548 prius,
1095 4486 1233 4537 inconsulto

183 4570 257 4613 1615.
707 4597 710 4618 ,
731 4573 746 4593 ‘¹
764 4575 894 4625 conventu,
903 4574 1095 4615 commutaverat
1112 4581 1155 4629 pro
1172 4567 1233 4616 Bor-

214 4648 224 4673 ²
237 4644 310 4694 “Sed
321 4646 396 4693 abbas
407 4646 438 4693 ad
450 4645 538 4694 callida
547 4654 688 4709 argumenta
707 4624 709 4700 i
731 4658 744 4673 ··
764 4655 821 4696 tone
832 4662 886 4709 quae
899 4647 946 4695 suit
957 4647 987 4695 de
998 4647 1117 4696 camera.''
1152 4645 1216 4696 lbid.

179 4742 194 4753 ··
215 4724 374 4788 confugiens,
398 4724 540 4774 muneribus
562 4726 688 4789 promissis
707 4717 709 4735 '
763 4726 918 4776 *Thethree
937 4727 983 4775 last
998 4727 1079 4776 letters
1096 4742 1137 4778 are
1154 4728 1233 4777 added

178 4820 193 4834 ⁸·
214 4812 240 4854 et
263 4804 334 4863 datis,
358 4811 381 4853 et
410 4804 556 4866 quibusdam
573 4804 687 4855 fratribus
707 4770 709 4849 i
730 4806 945 4870 bynlaterhand.
