3264 5662
443 830 647 886 onnoumon
668 830 827 885 manum
850 835 897 885 ns
920 830 1092 886 sussum.
1227 825 1289 889 261

240 1039 297 1105 per
318 1023 540 1088 extortioncm
572 1025 671 1090 semel
703 1025 738 1088 in
761 1046 848 1090 anno
879 1023 1040 1112 hospitari
1073 1025 1162 1112 apud
1193 1025 1290 1092 Brat-
1344 1045 1414 1098 Am.

238 1120 375 1199 fortone,
399 1130 434 1190 et
455 1126 502 1191 ibi
537 1149 605 1191 una
636 1128 689 1192 dic
722 1150 795 1193 cum
822 1127 1002 1194 luxuriosis
1029 1133 1064 1193 et
1093 1129 1231 1194 ebriosis
1252 1128 1288 1194 in
1302 1116 1456 1168 ¹²¹⁴·¹²²⁹·

238 1229 561 1295 commessationibus
584 1235 618 1295 et
640 1230 857 1296 ebrietatibus
880 1230 968 1297 bona
989 1232 1183 1298 sacristariae
1206 1231 1289 1297 mul-

237 1325 280 1392 tis
302 1330 444 1397 ecclesiae
467 1333 622 1399 membris
644 1355 702 1420 per
724 1338 834 1399 totum
857 1356 982 1399 annum
1004 1334 1199 1400 sufficientia
1212 1358 1288 1401 con·

236 1452 374 1514 sumere,
397 1434 461 1500 iste
483 1435 594 1513 abbas,
610 1435 728 1502 videns
750 1435 820 1502 haec
842 1436 880 1501 in
903 1437 1085 1503 multarum
1106 1436 1178 1502 fieri
1202 1438 1287 1525 peri-

235 1533 344 1600 culum
376 1538 561 1603 animarum
587 1544 621 1604 et
655 1560 821 1606 enormem
855 1540 998 1606 ecclcsiae
1032 1539 1212 1624 laesionem,
1245 1542 1287 1607 do

234 1639 369 1706 consilio
391 1642 538 1708 virorum
570 1642 772 1729 prudentum
795 1643 984 1731 hujusmodi
1015 1644 1154 1710 abusum
1177 1646 1288 1711 decre·

233 1740 283 1806 vit
305 1744 512 1811 abolendum.
559 1746 624 1810 Sed
648 1748 727 1832 quia
749 1747 907 1833 quosdam
931 1747 1077 1813 defectus
1099 1747 1136 1812 in
1151 1747 1286 1834 quibus-

233 1843 307 1909 dam
332 1845 445 1912 officiis
467 1850 659 1914 monasterii
676 1849 748 1936 jam
772 1856 979 1937 cognoverat,
995 1850 1113 1916 videns
1135 1849 1285 1916 redditus

232 1950 425 2017 sacristariae
448 1951 615 2018 abundare
645 1953 752 2020 veluti
783 1959 930 2040 tempore
961 1975 1021 2019 suo
1043 1958 1283 2041 augmentatas,

231 2052 491 2140 adpetitionem
524 2057 666 2121 fratrum
701 2056 875 2143 praedictas
898 2078 1059 2144 expensas
1089 2057 1226 2123 inutiles
1249 2063 1284 2123 et

230 2157 411 2241 superfluas
441 2158 478 2223 in
512 2181 592 2224 usus
622 2159 763 2225 fratrum
800 2161 999 2226 necessarios
1038 2161 1212 2237 convertit,
1237 2165 1282 2240 et,

229 2260 410 2326 secundum
433 2263 606 2349 antiquam
637 2264 753 2329 domus
779 2247 1058 2341 consuetudinem,
1089 2284 1149 2349 per
1178 2263 1282 2329 abun-

229 2361 379 2429 dantiam
411 2366 511 2431 unius
533 2366 632 2432 officii
662 2365 809 2431 defectus
832 2365 972 2431 aliorum
996 2364 1177 2431 officiorum
1200 2387 1281 2452 quos

227 2487 356 2533 necesse
379 2467 496 2534 habuit
519 2469 678 2556 supplere,
701 2470 787 2535 sicut
804 2469 953 2556 superius
976 2474 1027 2535 est
1049 2469 1278 2550 constitutum,
1292 2473 1348 2539 [ae-
1359 2481 1426 2529 ²⁰⁶-

226 2570 401 2657 supplevit‚
428 2572 525 2638 etde
548 2572 734 2639 redditibus
764 2573 956 2638 sacristariae
986 2577 1054 2638 tres
1087 2592 1213 2638 marcas
1235 2541 1328 2639 ad7']

225 2671 438 2740 infirmariam
470 2683 505 2742 et
536 2677 619 2742 duas
657 2677 700 2742 ad
737 2675 945 2742 refectorium
978 2675 1164 2762 deputavit,
1197 2697 1280 2762 quas

225 2775 308 2843 duas
319 2784 433 2865 postea
444 2784 626 2846 conventus
638 2802 713 2846 cum
728 2780 862 2865 reliquis
874 2778 982 2845 tribus
992 2778 1036 2844 ad
1051 2778 1279 2866 pitantiariam

224 2881 414 2968 assignavit,
442 2883 619 2949 refonnata
652 2883 844 2969 pitantiaria
875 2903 917 2947 ex
949 2880 1115 2968 praedietis
1150 2881 1279 2948 duabus

223 2983 429 3051 obedientiis.
484 2984 554 3051 Iste
584 2986 686 3051 etiam
716 2985 817 3051 abbas
847 2984 925 3051 fecit
949 2983 1038 3070 apud
1060 2983 1277 3071 Ambresleye

222 3087 385 3153 vivarium
412 3089 452 3154 de
476 3089 612 3154 Linlrolt
638 3096 672 3155 et
704 3090 769 3154 duo
792 3088 910 3154 ultima
931 3087 1061 3153 vivaria
1081 3087 1199 3153 subtus
1221 3109 1277 3153 eu·

221 3190 304 3256 nam
328 3199 362 3257 et
385 3192 550 3256 vivarium
574 3193 614 3258 dc
630 3192 823 3278 Lenchwyc,
840 3198 873 3257 et
885 3190 1026 3257 redemit
1048 3190 1274 3256 molendinum

220 3293 365 3379 ejusdem
387 3295 486 3376 villae,
519 3296 612 3362 salvo
637 3296 770 3361 redditu
805 3293 963 3381 coquinae,
986 3299 1021 3360 et
1042 3293 1209 3359 vivarium
1232 3293 1273 3361 de

222 3395 436 3485 Honybome,
461 3406 495 3465 et
521 3400 600 3465 fecit
630 3421 726 3486 super
758 3397 812 3465 οο1
836 3397 1063 3463 molendinum
1086 3401 1121 3462 et
1151 3397 1273 3463 colum·

219 3499 357 3579 barium,
380 3508 415 3569 et
445 3503 510 3568 tria
532 3503 732 3569 columbaria
754 3503 794 3568 de
822 3501 1006 3581 Offenham,
1041 3500 1210 3566 Hamtone
1236 3509 1272 3567 et

219 3602 440 3685 Wiclrewane,
477 3613 510 3671 et
542 3606 705 3671 vivarium
736 3604 776 3670 de
804 3603 1015 3682 Bradewelle,
1047 3610 1081 3670 et
1110 3625 1208 3691 super
1231 3627 1270 3671 eo

217 3708 452 3787 molendinum,
477 3716 511 3774 et
533 3710 713 3775 secundum
745 3715 780 3774 et
810 3708 948 3774 tertium
982 3707 1149 3772 vivarium
1180 3709 1269 3795 apud

216 3810 388 3889 Evcsham
405 3836 482 3877 nam
497 3813 641 3899 primum
657 3812 749 3899 prius
764 3811 836 3876 fuit.
876 3811 970 3877 Fecit
981 3811 1083 3876 etiam
1098 3810 1212 3876 domos
1227 3810 1269 3876 de

215 3914 412 4000 Ambreslcy
436 3921 471 3981 et
493 3915 742 3994 columbarium,
771 3921 806 3980 et
836 3914 951 3980 domos
973 3912 1014 3979 de
1040 3911 1247 3999 Honybome
1259 3936 1269 3992 ;

214 4023 327 4084 tamen
343 4026 488 4106 tompore
511 4019 582 4104 ejus
599 4019 735 4084 fuerunt
751 4017 930 4083 combustae
953 4015 1070 4081 domus
1093 4015 1133 4081 de
1157 4014 1268 4081 Offen-

214 4119 290 4187 ham
323 4128 358 4188 et
390 4122 430 4187 de
459 4121 670 4203 Bradewelle,
702 4127 737 4187 et
758 4142 826 4186 non
855 4119 1072 4187 reaedifrcavit
1110 4140 1164 4184 eas
1200 4118 1267 4184 nisi

212 4230 346 4292 tantum
369 4227 529 4313 grangias.
578 4225 671 4291 Fecit
703 4225 804 4290 etiam
827 4223 1000 4312 grangiam
1023 4223 1064 4288 de
1088 4219 1266 4310 willersey

210 4334 246 4396 et
266 4330 308 4395 de
324 4328 506 4394 Aldintone
529 4334 564 4394 et
586 4329 627 4393 de
642 4327 848 4413 Wykewane
870 4332 905 4393 et
927 4326 968 4392 de
984 4324 1150 4390 Evesham
1172 4329 1208 4391 et
1222 4324 1264 4392 de

209 4432 427 4518 Lenchwych,
443 4432 587 4498 multum
602 4431 750 4497 meliores
773 4453 872 4517 quam
894 4430 986 4518 prius
1007 4433 1124 4495 essent
1170 4426 1265 4494 Fecit

207 4537 310 4603 etiam
333 4538 498 4624 speculam
521 4535 653 4601 abbatis
670 4535 772 4621 juxta
795 4535 906 4600 aulam
937 4534 973 4599 in
996 4533 1087 4598 curia
1110 4532 1151 4597 de
1176 4531 1261 4597 Eve-

628 4759 635 4790 ¹
647 4758 687 4825 co]
701 4774 767 4819 eum,
780 4758 837 4810 MS.
