3270 5656
497 797 698 847 onnonrcou
722 799 881 849 inermia
904 801 951 848 nn
975 800 1144 850 cursura.
1303 788 1338 859 71

293 976 418 1062 pariter
447 977 557 1055 rediit,
597 979 696 1061 atque
734 976 769 1039 in
807 999 928 1063 magna
965 979 1242 1065 contomplatione
1269 981 1343 1061 Dei,

292 1079 399 1144 veluti
414 1078 448 1143 in
465 1080 538 1144 vita
559 1101 620 1143 sua
642 1079 827 1166 plenissime
842 1080 991 1158 habetur,
1007 1103 1109 1166 usque
1124 1083 1167 1146 ad
1187 1083 1343 1148 ultimum

293 1181 380 1246 diem
403 1182 565 1246 transitus
587 1181 639 1245 sui
660 1203 779 1246 novem
802 1183 897 1248 annis
920 1184 1126 1248 sanctissime
1148 1185 1266 1250 vivens
1289 1186 1344 1252 hic

293 1285 480 1370 permansit.
549 1283 664 1348 Sciant
690 1307 767 1371 ergo
790 1307 901 1350 omnes
931 1286 1030 1372 hujus
1053 1293 1175 1352 sanctae
1201 1288 1343 1355 ecclesiae

293 1387 354 1450 filii
376 1393 478 1473 atque
500 1386 597 1451 amici
619 1385 761 1471 perfecte
783 1408 856 1451 eam
872 1387 1047 1472 diligentes
1071 1393 1141 1452 tam
1164 1396 1342 1474 praescntes

291 1511 389 1574 quam
412 1489 527 1567 futuri,
558 1488 646 1574 quod
668 1487 758 1553 locus
788 1490 851 1553 iste
874 1495 954 1554 tunc
976 1491 1133 1576 temporis
1160 1491 1246 1555 nihil
1269 1514 1340 1577 per·
1353 1498 1506 1576 Ilethomme

292 1592 421 1656 tinebat
450 1591 493 1655 ad
517 1590 764 1677 Wigornensem
797 1592 963 1656 ecclesiam
994 1593 1047 1656 cui
1072 1594 1140 1678 ipse
1171 1594 1340 1680 episcopus
1354 1567 1508 1618 d¹d¹¹⁰²b⁰'

293 1698 439 1779 praeerat,
464 1692 531 1773 sed,
563 1699 601 1758 ut
623 1693 755 1779 prrefati
785 1716 905 1773 sumus,
934 1694 1048 1759 divino
1071 1696 1260 1760 admonitus
1291 1631 1453 1761 in-iiiirsto
1465 1636 1507 1686 the

291 1797 422 1875 stinctu‚
457 1818 479 1860 a
508 1818 584 1883 rege
616 1796 806 1861 AEthelredo
836 1797 905 1861 filio
936 1797 1074 1861 Pendan
1112 1798 1207 1883 regis,
1246 1798 1339 1884 cujus
1353 1765 1503 1820 W‘mew'

290 1899 441 1964 meminit
456 1898 548 1963 Beda
562 1899 761 1964 venerabilis
783 1900 956 1986 presbyter
974 1901 1010 1963 in
1025 1901 1127 1986 gestis
1142 1901 1338 1988 Anglorum‚
1352 1913 1418 1993 {list
1430 1916 1489 1970 Eae.

288 2002 383 2066 illum
421 2000 579 2079 obtinuit,
626 2006 661 2066 et
697 2002 916 2066 monachilem
954 2004 1241 2089 congregationem
1280 2027 1339 2091 pro
1352 1997 1386 2099 ἒξ
1400 1987 1448 2101 ἐξῇ

290 2126 399 2169 amore
436 2103 509 2183 Dei,
533 2109 632 2190 atquc
663 2104 768 2169 salute
794 2106 913 2170 animur
937 2128 1005 2171 sure
1028 2107 1153 2192 primus
1191 2106 1338 2172 omnium

291 2207 344 2270 hic
370 2207 552 2271 constituit.
600 2206 666 2271 Hic
693 2214 803 2271 autem
832 2209 965 2272 nomina
989 2210 1229 2293 possessionum
1257 2232 1338 2294 quas

292 2309 378 2373 idem
414 2309 614 2374 reverendus
651 2314 744 2394 pater
773 2315 886 2374 noster
909 2311 1025 2374 beatus
1056 2311 1229 2397 Egguinus
1262 2311 1338 2376 huic

289 2411 429 2477 ecclesiae
468 2412 651 2497 acquisivit,
683 2417 717 2476 et
756 2433 867 2476 eorum
897 2414 1033 2477 nomina
1070 2436 1091 2476 a
1131 2413 1251 2498 quibus
1284 2436 1338 2478 cas

289 2512 444 2594 obtinuit,
470 2520 643 2579 uteorum
673 2515 830 2578 memoria
852 2516 897 2580 sit
920 2516 955 2578 in
978 2514 1214 2595 benedictione,
1239 2515 1338 2581 deno

288 2616 393 2682 tanda
422 2617 560 2704 dignum
581 2617 744 2681 duximus,

371 2945 528 3010 Nomirur
560 2944 808 3031 beacsrwtorcm
831 2945 1088 3012 marturensis
1113 2948 1256 3014 coercobit'
1349 2938 1471 3057 33¹0?-

576 3055 605 3113 ct
628 3048 878 3134 prosscrsioaum
900 3048 1055 3134 <paratoria
1351 3073 1482 3128 Evesham.

335 3229 433 3291 Anno
461 3229 564 3312 igitur
586 3227 628 3291 ab
654 3229 878 3291 irroarnatione
894 3227 1027 3290 Domini
1045 3228 1337 3313 septingentesimo
1362 3215 1476 3333 wffig

288 3330 402 3413 primo,
434 3329 507 3394 Rex
548 3330 743 3393 Merciorum
771 3329 990 3407 AEthelrcdus‚
1016 3330 1103 3392 lilius
1136 3330 1264 3408 Pcmlae,
1302 3331 1334 3393 in
1350 3348 1486 3400 Gmnrsor

290 3432 410 3495 bonore
440 3432 545 3497 beato
584 3433 730 3516 Virginis
768 3432 892 3505 Marito,
926 3432 1017 3495 dedit
1048 3433 1119 3495 viro
1157 3433 1337 3496 venerabili
1349 3416 1488 3531 ffihssd·

288 3533 458 3619 Erguuino
486 3536 634 3621 episcopo
657 3534 866 3598 Hethomme.
926 3535 1025 3597 Anno
1049 3535 1212 3599 incarnati
1236 3534 1336 3598 Verbi
1349 3499 1451 3599 Medeia.

286 3637 575 3721 septingentesimo
606 3637 706 3700 tertio
737 3636 830 3700 dedit
857 3636 944 3700 idem
975 3659 1033 3700 rex
1060 3637 1200 3702 ecclcsirc
1230 3638 1337 3702 beatur

287 3737 403 3804 Mariae
431 3744 626 3804 constructa}
660 3740 695 3801 in
727 3737 885 3817 Hethom,
917 3745 1091 3824 postquam
1115 3741 1212 3804 beuta
1235 3739 1336 3826 Virgo

287 3839 394 3904 Maria
402 3841 438 3903 in
454 3841 566 3905 eodem
577 3841 646 3905 loco
661 3845 894 3927 comparuerat,
911 3841 1008 3904 beato
1025 3842 1185 3927 Eggwiuo
1196 3841 1337 3906 Chadcl·

286 3942 369 4015 buri,
408 3942 584 4007 Fladeburi
624 3948 658 4007 et
697 3942 871 4021 Strerlfort,
911 3966 1007 4027 quam
1052 3950 1172 4028 postca,
1206 3951 1336 4007 mortua

286 4043 438 4109 Ostritha
454 4047 574 4130 regina,
598 4047 769 4131 occupavit
793 4044 1015 4108 AEthcllardua
1039 4045 1236 4109 Wicoiorum
1259 4046 1336 4109 sub-

285 4147 425 4233 regulus,
454 4147 557 4212 donec
586 4147 704 4212 beatus
734 4147 910 4231 Ecgwiuus
941 4148 1035 4210 daret
1073 4147 1176 4211 eidem
1210 4170 1267 4231 pro
1298 4170 1336 4210 on

289 4249 472 4314 Fladeburi.
520 4251 643 4314 Eodem
659 4272 747 4314 anno
764 4250 854 4313 dedit
877 4247 972 4311 Olla¹
993 4270 1050 4311 rex
1068 4249 1171 4312 eidem
1195 4248 1335 4313 ecclesiae
1348 4236 1441 4285 (ἴτω
1452 4242 1478 4286 ⁰¹

285 4354 321 4415 in
351 4352 505 4426 Hethom,
531 4353 676 4431 Hull'am,
700 4359 767 4417 tres
790 4353 992 4428 Lutletonas,
1019 4350 1208 4429 Poddenhu
1226 4303 1489 4420 Huni·diffissiirn.g

487 4514 530 4520 --
570 4514 592 4520 -.
612 4514 725 4519 .-.-...-
755 4514 780 4518 ....
798 4513 812 4517 -.
831 4512 858 4518 .-
887 4512 929 4517 .-.
952 4513 964 4516 -
995 4511 1102 4516 ---..-.--
1123 4510 1332 4518 ..---.---

321 4594 326 4620 ¹
347 4599 361 4618 ⁸·
383 4591 514 4654 praedirtus
544 4590 713 4646 Ethrlrrdar,”
739 4608 781 4639 rex
838 4591 880 4639 tlrc
893 4591 987 4639 (luteos
998 4593 1053 4645 709,
1065 4592 1108 4637 but
1126 4591 1229 4639 marked
1241 4607 1267 4639 aa
1279 4607 1335 4655 spu·

288 4670 439 4719 blcrriorruu
463 4672 600 4730 “cisitu‘’
632 4673 700 4721 llari.
728 4672 782 4720 MS.
836 4671 911 4723 rima,
937 4672 961 4717 in
988 4670 1101 4724 lirurble,
1125 4671 1185 4719 Cod.
1216 4670 1335 4734 lliplour„

286 4754 361 4808 atra,
375 4751 391 4799 s.
404 4755 451 4808 573
471 4749 571 4798 lirared
580 4752 629 4800 uud
642 4750 708 4808 offa,
720 4750 782 4799 with
835 4751 882 4799 vol.
897 4766 913 4798 1.
925 4767 949 4814 p.
964 4755 1003 4805 70.
1016 4751 1080 4799 from
1092 4750 1166 4814 Vesp.
1177 4765 1285 4801 raxrrv.
