3270 5656
386 810 587 864 cnuourcou
610 810 769 863 reulus
792 811 840 862 nr
861 811 1031 863 maenum
1167 800 1229 864 201

186 1019 251 1061 uon
278 1001 412 1062 tantum
438 1019 490 1062 me
511 996 571 1063 sed
593 997 783 1062 universum
807 1003 1015 1078 conventum,
1046 1018 1106 1062 nec
1131 997 1400 1062 etiamA.D.120e.

184 1100 250 1164 illis
280 1100 426 1187 pepercit
458 1121 539 1186 quos
572 1099 758 1185 aliquando,
788 1122 891 1185 quum
924 1100 987 1166 sibi
1022 1100 1162 1179 timeret,
1194 1106 1234 1165 ut

185 1203 304 1268 erroris
335 1204 387 1268 sui
418 1203 553 1269 baberet
586 1203 729 1268 fautores
761 1203 938 1268 videbatur
969 1224 1102 1268 anrasse.
1156 1202 1234 1270 dam

184 1307 274 1371 enim
290 1306 422 1393 putavit
439 1327 473 1370 se
495 1326 646 1371 securum
668 1327 710 1370 ne
732 1310 867 1391 propter
888 1304 1077 1370 libertatem
1092 1306 1236 1371 eeclesiae

185 1410 230 1474 ab
252 1409 316 1474 alio
340 1431 439 1495 quam
471 1410 542 1495 ipso
573 1430 658 1495 papa
680 1413 790 1493 posset
820 1408 949 1493 deponi,
980 1408 1128 1474 nesciens
1158 1409 1238 1494 quia

185 1513 287 1598 legati
310 1511 469 1577 Romenae
492 1511 579 1576 sedis
594 1511 787 1597 diligentius
805 1518 1034 1598 exemptorum
1049 1532 1148 1596 quem
1170 1533 1237 1575 non

186 1620 413 1701 exemptorum
438 1613 508 1699 (qui
535 1613 702 1700 episcopos
735 1611 860 1678 habent
894 1613 1095 1700 visitatores)
1130 1619 1237 1679 trans·

185 1739 316 1805 gressus
338 1720 530 1781 scrutantur
552 1721 587 1780 et
616 1716 792 1802 corrigunt,
815 1717 889 1802 quia
914 1717 1016 1781 alium
1036 1738 1135 1802 quam
1150 1717 1238 1802 ipsos

187 1842 256 1885 non
275 1820 399 1884 babent
421 1823 641 1883 correctorem.
688 1817 807 1884 Noluit
828 1819 930 1885 etiam
952 1819 1135 1905 intelligere
1151 1819 1238 1904 quod

187 1922 342 1989 dominus
364 1922 613 1988 Cantuariensis
642 1925 683 1986 ut
712 1925 804 1985 tutor
826 1925 939 1987 noster
968 1921 1026 2007 qui
1048 1921 1150 1986 habet
1180 1944 1237 2009 po·

187 2030 343 2091 testatem
365 2025 402 2088 in
424 2024 531 2110 eapite
546 2023 649 2089 libero
675 2023 812 2089 heberet
829 2045 941 2089 curam
964 2024 1147 2088 animarum
1163 2046 1237 2089 nos-

186 2133 324 2207 trarum,
347 2132 382 2192 et
408 2126 436 2191 si
460 2127 540 2213 quid
563 2126 706 2193 sinistrae
729 2127 834 2212 partis
857 2126 946 2214 apud
969 2148 1029 2191 nos
1052 2127 1131 2191 oriri
1153 2149 1239 2192 eom·

187 2236 320 2317 partum
358 2229 459 2293 fuerit
492 2251 550 2315 per
583 2228 654 2313 ejus
692 2228 811 2294 debeat
847 2229 967 2315 corrigi
1004 2230 1165 2294 cautelam
1203 2234 1238 2294 et

187 2330 395 2406 industriam,
411 2332 497 2396 sicut
512 2331 549 2395 in
565 2330 745 2417 privilegiis
769 2331 977 2409 continetur3
998 2330 1086 2417 quod
1109 2331 1138 2395 si
1152 2330 1238 2396 forte

185 2436 294 2499 facere
308 2454 374 2498 non
392 2438 510 2521 posset,
534 2432 622 2498 fecta
644 2433 858 2519 inquisitione
881 2455 1073 2499 excessuum
1089 2439 1159 2498 tarn
1181 2433 1238 2498 ab

187 2538 276 2602 batis
298 2559 397 2623 quam
420 2541 601 2601 conventus
632 2541 666 2601 et
689 2537 822 2623 cognita
848 2536 999 2614 veritate,
1022 2536 1142 2602 debeat
1164 2558 1238 2601 eam

186 2641 231 2704 ad
245 2639 416 2704 dominum
431 2661 550 2725 popam
573 2638 699 2715 referre,
716 2638 774 2724 qui
789 2660 849 2725 pro
865 2639 1028 2723 qualitate
1043 2660 1238 2704 excmsuum

188 2763 319 2830 poenam
340 2741 478 2827 infligat,
502 2740 560 2825 qui
582 2741 682 2806 etiam
698 2746 794 2805 tanto
816 2742 921 2827 magis
943 2742 1083 2828 rigorem
1105 2742 1142 2806 in
1164 2741 1239 2808 tali-
1334 2736 1338 2743 ’

186 2845 249 2910 bus
279 2848 409 2909 exercet
442 2847 567 2927 quanto
597 2844 660 2908 scit
690 2866 724 2908 se
759 2843 924 2909 difficilius
954 2866 1047 2931 posse
1077 2844 1169 2923 adiri,
1202 2850 1237 2909 et

187 2953 311 3033 curante
348 2946 378 3011 ei
408 2945 579 3031 specialius
611 2945 805 3030 subjicimur
833 2951 931 3010 tauto
962 2947 1067 3034 magis
1101 2952 1237 3012 veretur

187 3072 340 3115 excessus
370 3054 498 3113 nostros
528 3048 708 3134 impunitos
730 3048 923 3133 relinquere,
954 3071 1057 3134 quum
1087 3050 1170 3114 sciat
1200 3050 1236 3114 in

187 3152 259 3237 ejus
281 3157 380 3238 caput
402 3151 585 3215 redundare
608 3149 766 3236 quicquid
787 3175 808 3215 a
829 3151 925 3215 nobis
948 3151 1153 3236 delinquitur
1172 3152 1236 3217 nisi

189 3279 246 3342 per
275 3276 350 3318 eum
381 3254 571 3339 corrigatur.
624 3252 706 3318 Hauc
736 3259 770 3319 ct
798 3254 849 3318 bis
880 3253 1000 3317 similia
1029 3276 1097 3318 nou
1127 3259 1237 3319 atten-

189 3357 277 3432 dens
310 3354 411 3420 obbas
440 3359 553 3418 noster
587 3376 791 3439 quaecunque
822 3354 958 3420 volebat
992 3355 1142 3433 faciebat,
1180 3380 1237 3442 per

188 3459 377 3523 libertatern
407 3456 515 3521 faetus
545 3456 695 3532 securior,
726 3463 859 3543 propter·
886 3479 993 3542 qumn,
1032 3464 1072 3522 ut
1109 3457 1236 3523 dietum

186 3569 245 3639 est,
272 3561 375 3646 magis
401 3558 465 3623 sibi
489 3558 606 3623 debuit
632 3560 757 3636 timere,
790 3565 832 3636 et,
862 3559 1031 3647 duplio‘tta
1060 3561 1237 3646 tyrannide

184 3664 300 3727 durius
330 3668 364 3727 et
394 3660 568 3737 crudelius
607 3666 676 3725 tam
706 3662 792 3727 circa
830 3683 889 3727 uos
919 3684 1018 3748 quam
1051 3664 1103 3730 sui
1133 3664 1237 3752 ipsius

182 3765 366 3833 custodiam
397 3763 499 3852 coepit
529 3765 722 3829 conversari.

184 4083 340 4165 Qualiter
363 4090 547 4149 conventos
572 4082 780 4149 accusaverit
811 4079 960 4147 abbatem
990 4102 1104 4147 coram
1129 4083 1235 4169 loqoto

272 4185 435 4253 Jotouae
464 4185 507 4252 to
538 4184 606 4251 Vio
630 4184 727 4260 boto,
754 4190 785 4250 et
814 4182 962 4271 qrrcditer
987 4182 1080 4249 idem
1106 4184 1235 4269 lcqotue

274 4291 430 4358 redditus
467 4298 497 4358 et
535 4289 798 4360 consuetudines
835 4296 1016 4357 corruentes
1056 4291 1234 4377 coufirma-

273 4394 368 4461 ecrit.

231 4522 371 4587 Interim
402 4522 518 4586 missus
548 4526 598 4587 est
628 4522 665 4585 in
695 4521 851 4608 Angliam
882 4521 1034 4586 domiuus
1065 4522 1235 4588 Johenncs
1250 4521 1395 4603 '2¹¹5ssbe

183 4627 344 4692 diaconus
368 4624 543 4689 cardinalis
567 4623 660 4689 tituli
685 4623 817 4691 Sanctio
849 4624 964 4690 Merito
991 4625 1027 4689 in
1051 4624 1116 4689 Via
1143 4624 1234 4702 Luta,
1249 4595 1386 4724 ζζῖΐέρξῖ

183 4732 315 4818 legatus
338 4727 428 4794 totiu
498 4727 595 4814 rgb'ae.
642 4727 707 4809 Qui
722 4749 824 4813 quum
839 4726 984 4794 venisset
1002 4728 1045 4794 ad
1065 4749 1123 4795 nos
1138 4750 1236 4794 causa
1250 4725 1338 4791 legate.
