3264 5662
487 760 685 811 cssorucos
708 762 867 813 nnnsrnu
890 765 936 813 nn
960 764 1128 814 suessan.
1287 752 1328 816 69

608 1312 762 1398 [nrsnn
785 1312 1007 1400 ruamus]

631 1667 834 1735 Psnrrcum
858 1669 981 1735 Purus

523 1992 659 2082 Incipit
685 1994 848 2082 prolapus
878 1994 962 2063 tibet
991 1996 1092 2065 tertii.

329 2153 381 2221 Ne
404 2155 565 2221 bonorum
588 2161 623 2222 et
645 2156 805 2222 melorum
826 2163 1055 2244 postmortem
1078 2160 1167 2248 apud
1182 2160 1332 2227 homines

286 2258 400 2324 eedem
424 2259 468 2325 sit
491 2259 643 2340 conditio,
671 2260 831 2324 bonorum
854 2260 1008 2328 videlieet
1034 2264 1173 2349 egregiis
1202 2264 1333 2329 actibus

286 2385 359 2428 eum
374 2363 555 2428 factoribus
578 2363 646 2428 suis
668 2364 957 2429 commorientibus
980 2365 1197 2432 etmalorum
1221 2368 1333 2452 pravis

285 2465 438 2551 operibus
469 2487 542 2530 eum
564 2464 730 2530 actoribus
753 2466 819 2531 suis
850 2468 1057 2553 consepultis,
1083 2475 1212 2534 veteres
1240 2469 1333 2534 Graii

283 2568 396 2655 scripti
419 2567 600 2632 remedium
622 2568 767 2653 objecere
790 2567 978 2654 prudenter,
995 2576 1030 2635 et
1053 2571 1227 2657 scriptores
1250 2593 1332 2649 suos,

285 2691 366 2756 quos
396 2670 509 2735 dixere
546 2670 831 2757 historiographos
869 2671 912 2736 ad
941 2672 1187 2738 conscribendas
1224 2695 1332 2738 rerum

284 2773 439 2841 historias
461 2772 640 2837 studiosius
663 2774 866 2854 exciverunt,
883 2778 922 2838 ut
945 2775 1034 2840 vocis
1056 2775 1143 2841 rivae
1164 2775 1332 2840 silentium

284 2899 352 2942 vox
374 2876 497 2962 scripta
519 2874 691 2962 suppleret
739 2876 880 2940 Romani
902 2898 980 2941 vero
1008 2877 1196 2943 Graecorum
1222 2879 1333 2944 aemuli

284 2978 522 3066 perpetuandae
544 2978 680 3042 virtutis
710 3000 808 3043 eausa
842 3000 908 3043 non
938 2979 1043 3044 solum
1075 2981 1156 3066 styli
1186 3003 1332 3068 assump-

284 3086 401 3147 serunt
431 3081 572 3145 officium
599 3079 656 3144 sed
685 3084 720 3145 et
743 3083 871 3145 statuas
905 3081 1104 3167 adjecerunt,
1127 3088 1161 3147 et
1184 3083 1239 3162 sic,
1263 3087 1332 3148 tam

284 3191 414 3251 veteres
436 3181 689 3270 representando
721 3204 819 3267 quam
848 3183 1056 3268 provocando
1087 3189 1242 3269 posteros,
1266 3186 1332 3250 vir·

285 3289 371 3354 tutis
409 3307 561 3365 amorem,
600 3289 672 3349 tum
710 3306 769 3371 per
806 3284 915 3349 oculos
953 3292 1024 3350 tum
1063 3308 1122 3372 per
1159 3308 1253 3352 eures
1290 3288 1333 3352 ad

285 3390 446 3456 interiora
474 3386 702 3474 multiplieiter
725 3387 909 3464 demissum,
941 3387 1145 3452 imitantium
1168 3389 1334 3454 mentibus

283 3494 414 3559 firmius
444 3492 687 3578 impresserunt.
734 3488 836 3554 Porro
867 3496 997 3576 patrum
1024 3497 1117 3577 gesta
1139 3497 1334 3570 sanctorum,

285 3618 368 3683 quos
399 3593 604 3680 frequentius
626 3597 859 3657 commemorat
885 3598 920 3657 et
950 3593 1158 3659 commendat
1191 3594 1331 3673 eeclesia,

284 3698 452 3764 neminem
477 3696 522 3761 nd
547 3694 746 3759 imitandum
780 3694 1001 3775 accenderent,
1032 3695 1061 3761 si
1092 3697 1219 3762 conseia
1248 3698 1332 3762 veri-

284 3801 370 3867 tatis
384 3798 567 3883 antiquitas
581 3796 752 3884 legendam
768 3797 862 3860 nobis
877 3796 1046 3863 historiam
1058 3820 1126 3864 non
1141 3800 1332 3885 reliquisset

285 3905 334 3969 Et
357 3901 421 3966 nisi
443 3901 607 3965 Dominus
637 3905 707 3963 tam
730 3899 765 3963 in
787 3898 886 3964 Novo
909 3922 1008 3985 quam
1031 3901 1067 3964 in
1082 3902 1197 3966 Veteri
1220 3902 1331 3967 Testa·

284 4012 400 4073 mento
415 4027 487 4090 quae
502 4004 570 4068 sint
585 4002 742 4089 fugienda
756 4007 791 4067 et
807 4023 880 4087 quac
895 4003 1058 4068 imitanda
1074 4008 1147 4069 tum
1162 4003 1332 4071 scribendo

284 4120 361 4176 tum
391 4108 463 4171 aliis
492 4104 664 4171 scribenda
690 4105 909 4191 expressisset,
940 4105 1050 4169 nullus
1074 4107 1161 4170 bona
1187 4129 1208 4170 a
1236 4108 1332 4172 malis

284 4213 501 4279 distinxisset
549 4210 614 4274 His
637 4215 671 4275 et
693 4209 767 4273 aliis
796 4208 955 4296 exemplis
978 4209 1140 4289 instructi,
1164 4217 1204 4276 ut
1235 4210 1331 4277 bene·

283 4319 448 4384 foetorum
471 4313 613 4380 eeclesiae
644 4311 895 4377 Eveshamensis
917 4333 938 4376 a
960 4317 1106 4399 tempore
1129 4313 1331 4380 fundationis

284 4438 356 4482 suae
385 4413 540 4478 memoria
570 4410 669 4476 sitin
700 4409 936 4489 benedictione,
960 4416 994 4475 et
1024 4417 1063 4476 ut
1084 4411 1190 4497 gloria
1218 4434 1331 4478 eorum

286 4523 398 4584 tractu
436 4515 590 4602 temporis
627 4536 693 4577 nou
732 4520 916 4592 marcescat,
956 4535 1015 4577 nec
1055 4514 1177 4579 eximia
1219 4538 1329 4581 eorum

288 4626 383 4710 geste
398 4619 521 4685 oblivio
535 4617 740 4704 posteritatis
755 4616 957 4703 exstinguat,
974 4616 1031 4681 scd
1048 4622 1086 4682 ut
1109 4618 1194 4704 quod
1219 4617 1262 4683 ab
1285 4621 1331 4684 eis

290 4721 462 4810 magnifiee
499 4720 623 4789 foetum
654 4719 718 4788 fuit
748 4719 871 4809 posteri
905 4724 1038 4788 sumant
1068 4720 1104 4787 in
1135 4722 1331 4810 exemplum,
