3270 5656
404 800 606 850 enaomeos
629 796 785 849 renarras
809 800 856 848 on
879 795 1049 850 111Ἐο111111.
1188 778 1251 849 167

205 986 221 1010 “
244 976 317 1040 11110
340 977 383 1041 ad
407 976 488 1061 quid
511 976 638 1053 missus,
654 977 726 1041 dico
741 975 784 1039 ad
805 974 874 1052 hoc,
889 980 929 1039 ut
949 975 1117 1039 videatne
1132 965 1332 1058 spisso-AD·
1347 973 1419 1019 ¹²0⁵·

204 1088 218 1113 “
240 1102 301 1166 pus
317 1078 443 1164 aliquid
459 1082 574 1144 eontra
589 1079 762 1165 privilegia
778 1077 920 1143 Romani
936 1075 1100 1163 pontificis
1116 1075 1251 1149 statuat,

205 1191 220 1216 “
242 1186 277 1247 et
300 1204 342 1247 no
378 1181 545 1246 ecclesiam
576 1180 701 1247 domini
725 1203 827 1267 papea,
853 1180 1007 1245 videlicet
1030 1176 1254 1243 Evesharnen·

205 1290 221 1319 “
243 1306 320 1364 sem,
341 1285 378 1348 in
409 1284 521 1369 aliquo
554 1283 661 1349 laedat.
724 1284 769 1347 Et
792 1284 852 1348 hoc
885 1282 958 1346 dico
991 1282 1033 1345 ad
1065 1278 1255 1346 similitudi-

207 1396 221 1421 “
243 1408 319 1452 nem
342 1387 432 1451 illius
455 1387 544 1472 quod
571 1386 658 1451 idem
690 1408 777 1472 papa
801 1384 1041 1451 Constantinus
1069 1381 1253 1447 Britwaido

206 1500 219 1523 ‘¹
244 1489 507 1554 Brittanniamm
542 1489 675 1575 primati
699 1489 735 1551 in
759 1489 873 1553 eodem
897 1487 1072 1574 privilegio
1095 1483 1253 1571 praecipit,

207 1600 220 1626 ‘¹
244 1601 250 1626 ⁴
274 1591 392 1668 dicens,
430 1592 530 1657 ‘Tnae
567 1591 785 1656 fraternitatis
821 1590 1055 1655 denunciamus
1094 1593 1255 1673 quatenus

207 1704 221 1727 “
245 1704 251 1727 ‘
274 1694 423 1759 eeclesias
447 1693 510 1758 Dei
538 1716 595 1780 per
618 1693 843 1758 Brittanniam
867 1693 1040 1779 dispositas
1071 1697 1130 1755 tua
1152 1688 1255 1775 ipsius

208 1805 222 1830 ‘¹
245 1806 252 1829 ‘
274 1801 308 1860 ct
356 1801 544 1861 sanctorum
593 1795 814 1883 apostolorum
853 1796 1050 1860 auctoritato
1097 1797 1255 1878 protegas,

209 1906 225 1933 ‘¹
247 1909 254 1932 ‘
276 1920 317 1963 ne
364 1901 437 1984 quis
483 1921 636 1985 pervasor
686 1897 918 1982 cujuscumque
969 1895 1093 1962 ordinis
1131 1918 1151 1958 a
1185 1894 1256 1958 Deo

209 2009 223 2034 “
245 2012 251 2035 ‘
274 2007 309 2065 et
340 2002 434 2066 nobis
468 2002 650 2065 constituta
673 1998 846 2087 privilegia
868 2001 1027 2079 subruat3
1058 1999 1146 2062 inter
1176 2019 1257 2082 quas

210 2111 225 2137 ‘⁴
249 2112 256 2137 ‘
278 2123 350 2167 eam
389 2125 462 2188 quro
500 2103 687 2188 nuperrime
725 2125 745 2166 a
783 2103 962 2167 venerabili
991 2103 1063 2166 viro
1102 2100 1256 2186 Eguuino

210 2214 223 2239 ⁴‘
246 2214 253 2238 ‘
275 2210 388 2270 nostra
410 2211 444 2270 et
467 2205 557 2290 regia
575 2204 770 2269 auctoritate
786 2205 969 2270 constituta
989 2209 1039 2269 est
1056 2208 1121 2267 turc
1137 2200 1257 2264 ditioni

210 2318 223 2340 ‘⁴
246 2319 251 2341 ¹
275 2309 438 2394 praecipue
472 2307 708 2383 submittimus,
746 2311 786 2370 ut
827 2307 890 2370 tibi
935 2311 969 2370 ct
1012 2303 1151 2390 posteris
1189 2302 1257 2366 tuis

209 2416 225 2442 “
247 2417 253 2444 ‘
277 2415 439 2495 potestate
463 2408 626 2473 divinitus
650 2430 800 2473 concessa
825 2408 868 2472 ab
892 2407 982 2472 omni
1005 2429 1077 2471 eam
1108 2405 1258 2469 adversa-

209 2521 224 2544 ‘⁴
247 2523 253 2544 ⁴
276 2512 398 2576 riormn
421 2511 671 2597 impugnatione
694 2511 831 2575 liberam
855 2511 890 2574 in
905 2514 1099 2595 perpetuum
1118 2505 1259 2571 reddas?

209 2614 356 2694 “Quum
390 2613 493 2700 igitur
525 2614 634 2699 gratia
665 2613 767 2677 vestri
800 2617 834 2677 et
867 2613 903 2675 in
938 2611 1111 2697 privilegio
1147 2614 1260 2673 nostro

210 2724 226 2748 ‘¹
244 2715 379 2798 domino
407 2715 639 2781 Cantuariensi
663 2714 856 2802 praecipitur
889 2718 929 2777 ut
951 2714 1125 2800 privilegia
1147 2716 1261 2776 nostra

208 2824 225 2850 ‘¹
246 2822 280 2882 et
315 2818 482 2882 ecclesiam
529 2823 676 2881 nostram
724 2822 878 2902 protegat
916 2821 950 2880 et
986 2814 1149 2891 defendat,
1187 2815 1261 2900 quis

209 2919 370 2984 “dixerit
392 2920 452 2983 boo
476 2916 590 2983 abbati
613 2923 725 2983 nostro
749 2940 807 3003 pro
831 2917 964 3004 propria
987 2914 1142 2982 ccclesia¹
1167 2916 1260 2980 etin

210 3030 224 3055 ‘⁴
246 3022 375 3107 proprio
391 3021 565 3108 privilegio
588 3044 654 3086 non
678 3044 746 3086 esse
770 3020 958 3104 injunctum
971 3023 982 3084 1
997 3020 1141 3084 maxime
1157 3041 1260 3105 quum

211 3133 226 3158 “
248 3123 427 3188 absurdum
450 3128 535 3189 osset
558 3124 845 3209 archiepiscopum,
869 3123 925 3208 qui
958 3144 1019 3186 nos
1051 3122 1138 3187 tueri
1170 3127 1261 3186 tene·

212 3236 225 3261 “
248 3232 310 3302 tur,
334 3232 467 3312 propter
498 3226 558 3291 hoc
592 3226 633 3290 ad
668 3226 830 3310 synodum
865 3225 1008 3311 episcopi
1031 3224 1152 3288 venire.
1200 3224 1263 3288 Rc-

212 3327 409 3413 “linquitur
442 3350 519 3414 orgo
552 3328 665 3392 abbati
700 3326 896 3400 faciendum,
931 3325 1017 3410 qued
1053 3327 1155 3390 facere
1194 3347 1261 3389 non

213 3444 226 3464 ·‘
250 3435 356 3515 prtest
393 3430 662 3516 archiepiscopus,
710 3434 749 3493 ut
787 3429 942 3493 videlicet
990 3427 1091 3491 abbas
1130 3428 1262 3492 intersit

215 3541 229 3563 ‘⁴
250 3531 373 3616 synodo
396 3533 537 3618 episcopi
572 3533 614 3596 ad
649 3533 824 3596 tuitionem
858 3531 1102 3617 privilegiorum
1135 3536 1262 3595 nostro-

216 3642 230 3666 ‘·
252 3656 331 3714 rum,
349 3641 383 3699 et
406 3635 466 3698 hoc
488 3635 689 3699 auctoritate
713 3634 837 3699 domini
860 3656 962 3720 papae,
979 3655 1046 3699 non
1069 3633 1181 3719 aliqua
1203 3656 1263 3697 suu

217 3738 380 3823 “propria
409 3738 609 3802 necessitate.
669 3737 766 3817 Quod
804 3742 915 3802 autem
954 3737 1035 3802 dicit
1073 3737 1264 3801 Alexander

217 3844 231 3869 ‘⁴
252 3839 337 3922 quod
371 3838 601 3925 Wigorncnses
636 3840 777 3926 episcopi
815 3840 867 3903 lris
901 3839 1049 3905 contenti
1087 3840 1155 3904 sint
1188 3862 1263 3925 quae

218 3948 232 3972 ‘¹
252 3948 468 4006 antecessores
490 3948 619 4007 nostros
641 3942 900 4006 antecessoribus
922 3943 990 4005 suis
1013 3946 1141 4006 constat
1164 3942 1263 4005 ratio-

220 4048 235 4074 ⁴‘
256 4043 409 4109 nabiliter
432 4044 628 4121 exhibuisse,
654 4067 756 4130 quum
789 4066 856 4109 non
888 4048 1017 4108 constet
1039 4048 1259 4108 antecessores

221 4151 235 4175 “
255 4153 380 4210 nostros
403 4146 660 4212 antecessoribus
695 4147 763 4211 suis
795 4146 920 4231 aliquid
943 4144 1185 4211 rationabiliter
1207 4167 1263 4210 ex-

222 4253 235 4278 ‘·'
256 4245 397 4313 bibuissc
421 4254 455 4314 et
484 4249 555 4334 jam
579 4249 850 4335 productionibus
872 4250 1008 4313 testium
1031 4248 1075 4312 sit
1098 4249 1265 4313 rcnmrtia·

222 4355 235 4378 “
256 4357 333 4431 tum,
351 4359 385 4416 et
408 4375 475 4415 non
500 4352 723 4437 probaverunt
746 4352 870 4436 aliquid
895 4352 995 4415 fuisse
1019 4351 1064 4414 cis
1088 4350 1265 4415 rationabi-

222 4457 234 4481 “
255 4452 328 4518 liter
350 4477 371 4517 a
394 4453 683 4540 predecessoribus
700 4455 820 4519 nostris
840 4454 1036 4530 exhibitum,
1053 4457 1184 4518 constat
1206 4476 1266 4518 nos

229 4616 342 4626 κ,-
379 4616 1076 4626 ---.———-—--—-——-—-—.—..-—..—-
1103 4617 1106 4620 ·
1139 4618 1178 4623 .-.

253 4686 384 4755 110010110]
400 4696 425 4740 et
444 4689 469 4740 in
490 4690 590 4755 propria
607 4691 718 4754 ecclesia,
730 4690 810 4742 added
821 4693 846 4743 ia
866 4690 903 4741 tte
922 4699 977 4753 terr,
993 4691 1034 4743 101
1050 4689 1150 4742 ‚aaran
1167 4690 1267 4742 bancort

224 4767 275 4817 wat
286 4769 323 4820 tte
335 4773 402 4835 ripas
414 4771 446 4836 ry*
451 4788 558 4823 aaran.
