3264 5662
373 821 575 870 csuomcou
599 820 758 869 nasama
782 821 828 868 nn
852 819 1020 868 nvasnlu.
1156 805 1215 868 281

179 1012 286 1070 tamen
323 1011 436 1091 postea
470 1005 619 1071 omnibns
658 1005 862 1072 debitoribus
894 1004 1100 1092 integraliter
1129 1005 1223 1070 satis-

179 1107 262 1183 fecit,
293 1113 328 1173 et
362 1109 493 1174 interim
527 1131 584 1195 per
616 1109 678 1174 Dei
710 1109 851 1195 gratiam
887 1108 956 1174 sine
991 1128 1077 1173 novo
1107 1112 1224 1172 mutuo

180 1209 412 1277 honorabiliter
440 1213 535 1277 vixit.
592 1213 684 1277 Emit
715 1213 814 1277 etiam
846 1234 866 1276 a
895 1211 1006 1277 liberis
1037 1210 1225 1276 hominibus

179 1315 387 1400 quamplures
426 1315 574 1381 redditus
609 1316 644 1379 in
694 1316 771 1380 locis
820 1315 966 1392 diversis,
1018 1336 1099 1400 quos
1137 1320 1225 1400 post

179 1417 310 1482 modum
346 1441 388 1483 ex
423 1441 556 1484 assensu
594 1425 783 1492 conventus,
815 1441 883 1483 una
920 1440 994 1484 cum
1029 1418 1102 1482 aliis
1139 1417 1224 1482 solu-

179 1521 324 1585 tionibus
354 1544 412 1608 per
442 1522 696 1587 obedientiarios
726 1522 897 1598 solvendis,
922 1523 964 1586 ad
993 1520 1225 1586 recreationem

179 1624 379 1711 singulorum
412 1625 447 1689 in
477 1648 533 1690 esu
572 1624 740 1703 carnium,¹
772 1626 869 1691 cortis
907 1625 985 1689 anni
1021 1623 1226 1711 temporibus

179 1727 357 1792 secundum
382 1728 555 1793 discretam
581 1727 828 1814 providentiam
858 1728 1024 1806 faciendis,
1049 1727 1227 1813 prudenter

181 1832 302 1918 pariter
334 1838 368 1895 et
400 1831 613 1916 providenter
651 1833 842 1918 assignavit,
880 1838 979 1918 prout
1016 1831 1051 1895 in
1084 1831 1226 1917 quodam

180 1936 399 1999 instrumento
422 1935 499 1998 inde
523 1933 679 2014 confecto,
704 1935 812 2022 sigillo
839 1934 1005 1999 communi
1032 1939 1067 1998 et
1096 1933 1227 1998 abbatis

180 2037 323 2123 sigillato
351 2043 384 2101 et
411 2038 446 2101 in
477 2036 644 2102 thesauris
675 2039 828 2124 reposito,
859 2038 989 2124 plenius
1016 2034 1228 2102 continetur.2

181 2138 225 2204 Et
259 2140 459 2226 quinetiam
483 2140 631 2204 redditus
663 2140 705 2204 ad
740 2140 895 2206 fabricam
933 2141 1030 2205 istius
1064 2136 1228 2206 ecclesiae⁸

181 2240 330 2328 deputati
360 2242 423 2305 sibi
462 2265 528 2306 non
565 2242 759 2320 sufficerent,
789 2244 832 2307 ad
863 2243 1068 2328 quorundam
1106 2241 1227 2328 suppli-

181 2346 339 2410 cationem
361 2367 419 2431 pro
440 2345 673 2410 insufficientia
696 2347 795 2411 dictae
813 2345 944 2410 fabricae
967 2344 1149 2423 relevanda,
1171 2344 1227 2408 ob·

180 2448 350 2512 ventiones
381 2454 414 2512 et
445 2449 625 2513 oblationes
648 2449 691 2512 ad
714 2469 841 2513 crucem
872 2454 1018 2513 sanctam
1041 2448 1077 2512 in
1100 2468 1227 2511 monas-

181 2551 262 2616 terio
309 2552 537 2636 provenientes
591 2553 769 2617 conventui
814 2553 979 2618 concessit.
1049 2549 1228 2616 Ordinavit

181 2653 279 2718 etiam
310 2677 347 2718 ac
378 2654 609 2739 benignissime
633 2655 813 2740 assignavit
844 2655 1084 2741 quinquaginta
1109 2652 1227 2719 solidos

181 2777 315 2836 annuos,
348 2757 387 2820 de
420 2763 507 2821 terra
541 2780 639 2843 quam
667 2763 790 2821 emerat
820 2757 1038 2844 aRadnlpho
1066 2757 1106 2822 de
1133 2757 1228 2820 Brat-

181 2858 307 2924 fortone
346 2860 381 2922 in
424 2881 482 2923 sua
523 2861 628 2945 prima
665 2862 823 2938 novitate,
867 2861 910 2926 ad
952 2860 1228 2926 sustentationem

181 2961 349 3046 cujusdam
382 2962 540 3047 capellani
564 2963 599 3027 in
623 2963 820 3028 monasterio
853 2963 1058 3028 Eveshamiae
1081 2962 1229 3048 quotidie

182 3065 295 3128 divina
325 3065 528 3140 celebrantia,
555 3087 613 3150 pro
636 3066 860 3151 redemptione
882 3066 1092 3151 negligentiae
1116 3065 1231 3129 divina

181 3167 364 3232 celebrandi
400 3169 493 3252 siqua
523 3167 621 3231 fuerit
643 3192 663 3231 a
685 3169 841 3232 fratribus
862 3168 898 3231 iu
922 3169 1011 3232 dicto
1034 3167 1230 3231 monasterio

182 3272 359 3345 commissa,
392 3276 425 3334 et
451 3293 510 3355 pro
538 3271 709 3333 animabus
734 3271 815 3334 dicti
846 3270 1038 3335 monasterii
1061 3270 1228 3344 abbatum,

182 3374 328 3448 fratrum,
360 3378 493 3458 patrum
525 3378 559 3436 et
589 3379 741 3451 matrum,
759 3372 1003 3436 benefactorum
1027 3377 1061 3435 et
1083 3370 1229 3454 ejusdem

183 3476 321 3540 coenobii
353 3475 571 3539 fundatorum.
620 3475 687 3539 Iste
715 3476 814 3539 ctiam
837 3474 938 3539 abbas
964 3474 1140 3559 acquisivit
1163 3479 1230 3562 tres

183 3600 285 3664 capas,
322 3599 420 3641 unam
452 3578 491 3642 de
514 3578 614 3641 rubeo
644 3577 744 3642 serico
775 3578 927 3642 manibus
956 3582 1126 3642 consutam
1157 3597 1230 3641 cum

182 3681 265 3744 albis
303 3681 461 3744 columbis
497 3687 531 3745 et
569 3679 703 3744 floribus
740 3679 884 3745 liliorum
922 3680 1036 3758 aureis,
1069 3685 1102 3744 et
1131 3679 1230 3743 aliam

183 3783 223 3847 de
246 3783 436 3847 bandekino
460 3783 641 3848 confectam
672 3782 857 3871 scalopibus
888 3783 994 3848 aureis
1025 3787 1060 3848 et
1089 3781 1230 3847 flosculis

182 3887 323 3952 liliorum
355 3888 396 3950 de
426 3887 527 3951 rubeo
564 3887 664 3950 serico
701 3887 833 3951 omnino
864 3892 1000 3962 textam,
1031 3892 1066 3950 et
1095 3885 1229 3950 tertiam

184 3990 222 4054 de
265 3990 366 4054 rubeo
406 3990 552 4053 examito
600 3994 671 4074 qna'
703 3989 863 4074 capellani
909 3988 1040 4053 abbatis
1085 3993 1229 4053 utuntur

185 4115 283 4178 quum
314 4093 415 4156 abbas
445 4091 619 4157 revestitus
650 4091 755 4155 fuerit.
801 4090 987 4177 Aequisivit
1018 4091 1117 4155 etiam
1149 4089 1229 4154 duas

185 4198 315 4270 casulas,
339 4217 440 4259 unam
462 4195 501 4260 de
522 4196 623 4259 rubeo
644 4195 745 4258 serico
766 4195 867 4258 etiam
888 4193 1042 4258 manibus
1059 4198 1229 4258 consutam

186 4321 256 4363 cum
291 4299 374 4362 albis
410 4297 568 4361 columbis
600 4301 674 4382 post
707 4304 846 4382 tergum,
882 4302 916 4360 et
950 4297 1048 4360 aliam
1080 4295 1121 4360 de
1154 4295 1229 4359 albo

187 4402 379 4476 bandekino,
404 4423 477 4463 curn
513 4399 631 4463 avibus
663 4400 770 4463 aureis
801 4403 906 4463 rostra
936 4399 975 4464 do
1003 4397 1104 4463 serico
1128 4398 1228 4463 viola-

1188 4560 1230 4570 c·-

218 4640 679 4704 ¹“Noraderlpello,''rutricinmurq.
764 4640 773 4667 ³
792 4639 861 4687 istius
876 4636 993 4705 ecclesia]
1012 4639 1169 4690 Eveshamiae
1189 4656 1230 4690 ec·

218 4733 227 4757 ²
239 4731 313 4789 prout
332 4759 435 4771 .....
452 4720 599 4785 continetur]
629 4734 678 4769 om.
732 4718 821 4769 clesiae.
859 4718 932 4768 Ibid..

189 4802 255 4852 Harl.
268 4807 340 4852 3763.

1279 1011 1347 1064 Ad).

1254 1084 1375 1132 raas-u.
1456 1075 1460 1092 '
