3270 5656
414 784 794 836 11111111111111111
818 785 865 835 1111
888 786 1059 836 1111111111.
1195 771 1259 842 273

211 994 248 1039 eo
264 978 317 1039 est
331 975 499 1055 admissus,
517 976 573 1060 qui
597 975 710 1040 literas
725 973 850 1039 domini
865 975 952 1061 regis
976 974 1025 1040 ibi
1048 974 1195 1040 obtinuit
1218 974 1259 1040 de
1272 989 1340 1045 (1.1).
1354 996 1426 1044 reso.

211 1098 370 1143 consensu
394 1080 483 1165 regio
506 1078 646 1144 directas
670 1078 805 1142 domino
827 1100 928 1164 papae,
953 1082 993 1141 ut
1015 1078 1057 1143 ab
1080 1100 1118 1144 eo
1142 1078 1258 1143 confir-

210 1182 388 1246 mationem
415 1182 613 1267 impetraret.
661 1180 706 1245 Et
731 1187 812 1246 tunc
841 1181 932 1245 missi
954 1187 1033 1245 sunt
1055 1180 1120 1245 duo
1142 1182 1260 1246 fratres

211 1283 359 1364 Romam,
393 1285 450 1369 qui
481 1285 517 1348 in
549 1284 638 1348 curia
675 1306 733 1370 per
770 1288 843 1348 octo
877 1282 1096 1348 hebdomadas
1134 1306 1258 1349 moram

209 1386 364 1453 facientes
386 1408 453 1452 non
476 1392 629 1473 poterant
651 1387 827 1472 impetrare
850 1385 1138 1452 confirmationem.
1192 1385 1258 1451 Sed

209 1489 353 1568 taudem,
370 1491 521 1576 quamvis
535 1489 668 1555 domino
684 1511 777 1575 papae
801 1493 835 1553 et
858 1489 956 1554 curiae
979 1488 1105 1554 nollent
1127 1490 1257 1570 servire,

209 1593 470 1678 impetraverunt
493 1593 605 1657 literas
628 1616 648 1656 a
672 1592 805 1657 domino
827 1614 913 1679 papa
934 1593 971 1657 in
994 1593 1054 1658 hac
1077 1594 1189 1659 forma.

244 1728 406 1801 Gregorius
432 1731 594 1801 episcopus,
615 1747 718 1785 servus
738 1748 889 1785 servorum
899 1730 964 1795 Dei,
984 1731 1144 1785 venerabili
1163 1731 1256 1786 fratri¹
1270 1731 1339 1796 Pope
1351 1734 1414 1786 Gre-

210 1816 345 1886 episcopo
357 1821 387 1869 et
404 1815 509 1869 dilecto
528 1815 588 1868 filio
606 1815 698 1885 priori
716 1815 752 1868 de
772 1814 935 1870 0111111111
954 1815 1078 1870 salutem
1097 1821 1127 1871 et
1145 1822 1256 1887 aposto-
1269 1814 1332 1865 80ῑῖ
1345 1801 1386 1852 IX

209 1900 295 1955 licam
320 1899 557 1954 benedictionem.
607 1898 703 1967 Quum
730 1899 829 1954 dilecti
855 1899 910 1954 filii
936 1901 1069 1955 monachi
1088 1902 1256 1956 monasterii
1268 1868 1401 1986 &2150-

209 1983 244 2040 de
263 1984 408 2039 Evesham
435 1989 659 2056 praesentassent
676 1984 758 2037 nobis
786 1984 956 2039 electionem
975 2003 1062 2056 quam
1080 1985 1116 2040 dc
1134 2001 1329 2058 personation,

210 2068 327 2124 Thomas
354 2069 459 2141 prioris
479 2067 610 2139 ejusdcm
622 2068 791 2122 monasterii
811 2067 954 2123 duxerant
971 2068 1142 2133 faciendam,
1162 2071 1257 2124 humi-

209 2153 277 2208 liter
304 2154 501 2224 supplicantes
527 2159 561 2207 ut
579 2152 769 2222 dignaremur
788 2142 959 2207 electionem
978 2153 1099 2208 eandem
1117 2161 1257 2226 tanquam

210 2237 383 2292 celebratam
401 2237 437 2291 de
456 2254 578 2308 persona
595 2236 700 2291 idonea
716 2237 901 2300 confirmaro;
920 2237 992 2302 Nos,
1014 2238 1077 2308 ejus
1096 2241 1257 2294 examinato

209 2341 347 2393 processu
365 2321 489 2392 aliisque
507 2322 618 2391 negotii
631 2321 856 2376 circumstantiis
869 2327 978 2376 attente
987 2324 1124 2392 pensatis,
1146 2324 1256 2396 suppli·

210 2408 352 2464 cationum
372 2425 472 2461 eorum
502 2425 559 2460 non
581 2406 717 2460 demimus
737 2405 954 2461 admittendam.
992 2405 1039 2460 Ne
1057 2425 1127 2461 vero
1145 2407 1257 2465 dictum

209 2492 415 2547 monasterium
442 2492 530 2561 longa
555 2491 702 2545 vacatione
728 2508 817 2561 gravo
837 2490 1022 2562 dispendium
1039 2491 1176 2563 patiatur,
1197 2492 1255 2548 dis-

210 2577 328 2630 cretioni
347 2581 452 2644 1111111
478 2594 530 2646 per
558 2574 716 2645 apostolica
742 2573 850 2644 scripte
877 2573 1048 2630 mandamus
1067 2580 1210 2645 quatenus
1230 2578 1255 2632 si

209 2661 321 2731 praefati
347 2661 479 2714 monachi
506 2660 582 2713 infra
606 2677 736 2713 mensem
761 2665 827 2729 post
852 2659 1039 2713 monitionem
1065 2665 1193 2715 vestram
1219 2660 1256 2716 ad

209 2745 376 2799 electionem
384 2744 520 2798 duxerint
531 2743 753 2814 procedendum,
765 2742 1115 2807 1011111111111111111111,
1130 2745 1256 2801 siluerit

209 2829 343 2883 canonica
361 2836 390 2882 ct
411 2828 496 2882 electi
514 2845 637 2898 persona
662 2827 773 2891 idonea,
803 2828 975 2882 auctoritate
1006 2829 1165 2900 apostolice
1190 2848 1256 2885 con·

180 2915 187 2924 “
210 2913 337 2976 firmetis,
368 2921 468 2984 tuque,
496 2912 585 2966 frater
623 2913 766 2983 episcope,
796 2930 901 2966 munus
928 2912 1019 2966 eleeto
1046 2912 1254 2971 benedictionis

210 2997 367 3068 impendas
414 2997 564 3066 Alioquin,
593 3013 645 3050 vos
684 2996 784 3049 cadem
812 2996 983 3050 auctoritate
1014 2997 1191 3067 provideatis
1218 2998 1254 3053 de

209 3099 329 3152 persona
355 3082 472 3134 literato
497 3098 562 3150 ‹111ae
581 3080 736 3134 laudabilis
758 3081 796 3134 sit
826 3081 1052 3134 conversationis
1072 3081 1197 3146 1111111,
1218 3082 1253 3136 dc

209 3167 320 3237 gremio
339 3165 469 3234 ejusdem
488 3165 617 3218 ecclesiia
637 3166 662 3219 si
681 3166 721 3217 ibi
746 3166 893 3219 iuvenitur
918 3164 1047 3228 idoneae,
1068 3165 1198 3236 alioquin
1218 3165 1254 3220 de

209 3250 272 3312 alia,
302 3251 422 3320 praelato
450 3249 625 3303 monasterio
643 3250 673 3301 in
693 3248 834 3302 abbatem.
874 3248 982 3304 Datum
1002 3248 1147 3313 Laterani,
1164 3266 1253 3304 nonas

209 3333 288 3395 Maii.
309 3334 492 3405 pontificatus
511 3334 603 3387 nostri
622 3350 696 3386 eiino
715 3338 827 3403 quarte.

251 3444 296 3510 Et
318 3467 377 3508 nos
409 3445 522 3507 statim
555 3442 788 3507 celebravimus
822 3442 1020 3519 electionem,
1052 3442 1109 3507 sed
1142 3447 1254 3507 temen

207 3546 266 3611 sub
289 3546 354 3610 alia
388 3545 492 3610 forma
523 3568 619 3630 quarn
651 3545 747 3630 prius.
795 3545 881 3609 Nam
904 3568 1006 3631 quum
1029 3547 1120 3632 prins
1143 3568 1254 3611 omnes

208 3672 272 3714 uua
294 3671 372 3712 voce
407 3653 441 3712 et
472 3657 550 3712 voto
582 3647 731 3712 concordi
763 3647 915 3713 fecissent
952 3648 1150 3725 electionem,
1173 3657 1253 3715 tunc

207 3752 416 3817 contuleruut
440 3756 636 3837 potestatem
659 3751 801 3836 eligendi
827 3752 972 3837 quinque
1002 3751 1158 3818 fiatribus
1195 3754 1252 3839 qui

206 3856 344 3921 eundem
380 3856 519 3941 priorem
553 3854 723 3940 elegerunt
760 3875 855 3939 quem
887 3877 998 3920 omnes
1027 3856 1118 3940 prius
1149 3856 1356 3949 elege-Marle3

206 3965 322 4044 gerant
334 3983 342 4036 ;
376 3959 432 4042 qui
471 3957 595 4031 missua,
619 3979 693 4021 eum
717 3956 822 4021 literis
845 3935 1402 4057 11111111111111111111111111ξξῖξῖξοῗαι

206 4061 371 4125 electionis
406 4067 439 4124 et
474 4060 617 4143 quinque
656 4057 812 4122 tratribus
850 4059 906 4143 qui
940 4059 1076 4123 eandem
1114 4059 1251 4123 formam

206 4164 390 4250 probarent,
435 4162 476 4225 ad
509 4162 680 4247 praedictos
713 4162 897 4246 episcopum
929 4164 963 4224 et
994 4162 1133 4246 priorem
1167 4162 1251 4226 Con·

204 4273 328 4340 ventre,
363 4266 405 4327 ab
438 4265 482 4328 eis
518 4270 567 4327 est
605 4264 824 4341 confirmatus,
860 4263 974 4326 habita
1000 4263 1090 4348 prius
1114 4264 1154 4328 dc
1181 4287 1251 4350 per-

205 4391 283 4433 sona
306 4368 400 4431 electi
424 4373 457 4430 et
493 4367 532 4431 de
555 4365 696 4451 eligendi
720 4366 824 4430 forma
854 4364 951 4428 etde
975 4365 1043 4429 zelo
1066 4372 1099 4430 et
1122 4368 1249 4433 ratione

644 4555 792 4561 -..ὴ-μ...
798 4555 805 4560 .
812 4554 912 4561 —.....

243 4685 248 4711 ¹
268 4683 319 4729 viro
336 4682 357 4729 is
376 4682 483 4730 inserted
501 4680 584 4729 before
595 4678 678 4740 fratri
696 4677 721 4724 in
739 4677 781 4726 the
793 4674 857 4735 MS,
869 4677 913 4725 but
930 4677 1033 4725 marked
1045 4677 1105 4726 with
1123 4692 1137 4726 a
1155 4677 1255 4740 signos

204 4776 312 4814 81381119.
