3264 5662
417 802 618 851 canonicor
641 801 797 851 assarna
822 803 867 850 na
891 800 1062 851 suessan.
1246 790 1264 851 5

223 986 259 1050 ab
288 987 441 1073 squalore
463 993 603 1054 vetustae
629 988 828 1075 gentilitatis
852 994 1040 1053 convertere
1068 987 1264 1067 desiderans
1280 1006 1348 1056 nr).
1361 1015 1427 1061 saa-

221 1111 299 1175 srepe
323 1090 508 1155 luculenter
532 1091 662 1177 quidem
680 1092 719 1155 de
735 1091 856 1156 talibus
874 1090 968 1155 vitiis
991 1091 1033 1154 ad
1058 1111 1112 1155 eos
1137 1090 1266 1155 locutus
1278 1090 1299 1123 θ’
1314 1078 1369 1126 ⁷⁰⁰·

220 1198 272 1256 est.
318 1193 494 1279 Quumque
519 1199 603 1259 esset
631 1194 821 1257 mitissimus
844 1199 883 1258 ut
900 1193 1037 1278 Moyses
1064 1193 1189 1258 zelatus
1213 1199 1263 1259 est

219 1294 316 1381 legem
341 1295 479 1361 Domini
509 1303 547 1361 ut
576 1296 722 1374 Phinees‚
750 1296 912 1361 tremendi
938 1296 1058 1382 judicii
1081 1302 1114 1362 et
1146 1297 1263 1383 sempi-

219 1403 383 1462 ternorum
410 1405 647 1464 tormentorum
674 1399 793 1464 crebris
820 1400 977 1464 tonitruis
1006 1400 1185 1464 retundens
1217 1399 1262 1464 la-

219 1500 309 1584 pidea
343 1502 450 1578 corda,
486 1524 632 1589 arguens
665 1502 845 1581 obsecrans,
885 1502 1064 1588 increpans,
1103 1502 1139 1565 in
1174 1503 1366 1567 omniaTim.
1379 1509 1414 1560 iv.

220 1603 377 1687 patientia
400 1611 434 1669 et
457 1605 614 1684 doctrina,
638 1604 765 1670 instans
796 1605 1043 1692 opportunitate
1070 1611 1261 1692 opportuna.
1275 1577 1297 1620 ²¹

629 1987 755 2053 Laeuo
779 1987 844 2053 ΙΙΙ.

258 2166 379 2231 Verum
415 2167 492 2251 quia
524 2167 761 2231 inamabilibus
796 2167 917 2232 morbis
945 2168 1135 2253 plerumque
1159 2168 1259 2233 officit

220 2268 374 2333 medicina
399 2275 432 2333 et
464 2269 590 2333 ratione
621 2269 719 2335 obvia
741 2275 881 2355 augetur
912 2270 1049 2349 insania,
1072 2270 1113 2334 ab
1137 2270 1259 2336 invidis

218 2377 246 2435 et
267 2371 527 2458 persecutoribus
555 2371 753 2436 (iluistianee
779 2372 945 2458 religionis
968 2395 1057 2438 saeva
1079 2376 1258 2458 tempestas

219 2487 326 2540 contra
361 2478 511 2539 sanctum
536 2474 669 2538 Domini
694 2475 867 2554 excitatur,
891 2480 927 2539 et
951 2475 1101 2539 veritatis
1132 2474 1257 2540 inimici

216 2576 245 2640 in
279 2577 432 2641 veritatis
468 2581 657 2641 assertorem
694 2577 849 2642 seditiosa
879 2583 970 2663 peste
1001 2583 1190 2663 grassantur
1223 2582 1258 2642 et

215 2678 243 2742 iu
273 2681 345 2765 ejus
377 2680 555 2766 angelicam
586 2681 690 2744 vitam
729 2679 817 2743 falsis
859 2679 1026 2765 figmentis
1067 2686 1256 2761 armantur3

214 2783 294 2848 unde
327 2783 358 2847 ei
390 2783 561 2848 Dorninica
596 2804 672 2847 voce
708 2781 881 2847 beatitudo
912 2783 1022 2869 potius
1052 2784 1254 2848 cumuletur:

215 2883 312 2965 Beati,
338 2885 458 2970 inquit,
475 2886 532 2970 qui
558 2886 814 2970 persecutionem
838 2885 1012 2971 patiuntur
1034 2891 1167 2973 propter
1184 2885 1255 2971 jus·
1269 2916 1304 2966 St
1317 2916 1420 2969 Matt.v.

213 2987 324 3053 titiam.
372 2988 500 3074 Vulgus
515 2988 602 3051 eninr
626 2996 660 3052 et
682 2987 830 3073 populus,
859 2988 951 3072 cujus
974 2989 1046 3054 vita
1062 2994 1096 3052 et
1112 2988 1253 3053 intentio
1270 2989 1306 3032 ¹0·

212 3099 276 3156 orat
298 3091 444 3178 procliva
466 3090 508 3154 ad
530 3091 654 3154 malum
682 3090 771 3154 omni
795 3095 949 3178 tempore,
975 3091 1091 3156 videns
1121 3091 1183 3156 sibi
1213 3091 1252 3154 il·
1266 3076 1389 3195 didi?

211 3192 295 3260 licita
329 3216 396 3258 non
427 3193 529 3270 licere,
562 3199 595 3257 et
626 3198 757 3258 assueta
786 3194 870 3257 vitia
893 3194 1072 3279 relinquere
1096 3199 1253 3279 oportere,
1266 3225 1313 3259 sce.

211 3298 292 3362 unde
313 3297 468 3383 proficere
484 3295 599 3360 debuit
624 3295 699 3360 inde
716 3301 828 3360 contra
850 3296 1009 3361 athletam
1025 3300 1175 3359 sanetum
1190 3295 1252 3360 Dei

210 3401 241 3464 iu
266 3402 349 3464 iram
377 3409 410 3463 et
437 3399 548 3463 odium
573 3407 607 3462 et
631 3397 819 3462 scandalum
843 3398 974 3476 exarsit,
999 3418 1138 3481 eumque
1162 3397 1253 3482 paul-

209 3501 299 3568 latim
314 3502 510 3587 conjectm'is
530 3505 564 3565 et
585 3500 877 3566 adinventionibus
893 3506 927 3565 et
944 3499 1129 3564 rumoribus
1157 3499 1252 3565 malis

210 3606 386 3682 diffamans,
421 3606 604 3668 inveterata
627 3604 795 3668 simultate
817 3604 958 3690 prodita,
983 3603 1025 3668 ab
1063 3603 1250 3690 episcopatu

209 3728 277 3774 eum
307 3709 444 3794 expulit.
507 3706 661 3770 Permisit
687 3711 832 3793 potestas
858 3707 1016 3793 primatis,
1049 3712 1084 3770 et
1115 3707 1250 3771 admisit

210 3810 265 3877 hoc
290 3812 454 3877 excitatus
481 3814 595 3874 contra
619 3831 694 3874 eunr
724 3809 809 3873 livor
833 3810 948 3896 regius.
995 3809 1046 3874 De
1071 3832 1108 3874 eo
1133 3831 1249 3896 nempe

211 3933 271 3980 non
284 3915 390 3979 solum
417 3912 506 4000 apud
530 3934 639 3998 regem
664 3911 793 3989 delatio,
818 3912 995 3977 sedetiam
1018 3912 1106 3998 apud
1132 3911 1250 3976 Roma·

213 4036 283 4082 num
309 4014 515 4081 antistitem¹
538 4014 579 4079 ab
605 4015 747 4079 inimicis
778 4018 812 4079 et
843 4014 1092 4079 insidiatoribus
1123 4013 1250 4100 perlata

213 4119 310 4185 fuerat
337 4118 506 4185 accusatio,
553 4117 637 4181 Turn
652 4139 731 4182 vero
754 4117 881 4182 athleta
896 4116 1031 4181 Domini
1054 4115 1248 4203 evangelicis

215 4223 358 4310 exemplis
381 4222 537 4298 imbutus,
553 4242 655 4306 quum
671 4242 705 4286 se
721 4221 857 4285 vidisset
881 4221 924 4284 ad
942 4226 1107 4285 certamen
1128 4220 1246 4297 vocari,

215 4344 264 4411 pro
284 4326 391 4391 salute
422 4324 562 4390 errantis
595 4323 709 4410 populi
732 4328 766 4388 et
788 4344 847 4409 pro
882 4322 1105 4386 annihilandis
1139 4321 1247 4387 inimi-

221 4515 428 4527 ·——qn-..ffi
437 4516 498 4522 ...-
508 4513 870 4521 --..—.-...................

512 4629 517 4658 ¹
531 4628 672 4693 cratisnum]
688 4627 864 4687 antististitem,
876 4627 931 4675 MS.
