3264 5662
420 771 624 822 cnsomeon
646 770 805 821 sanans
829 773 875 820 na
898 772 1068 822 masan.
1206 761 1269 824 193

211 953 421 1015 procuratores
441 947 560 1002 idoneos
579 953 741 1019 recepturas
760 949 935 1004 sententiam
953 954 1054 1004 nostro
1082 965 1114 1002 se
1132 953 1436 1019 eonspec·A.D.1206.

210 1031 260 1085 tui
284 1038 502 1102 repraesentent.
540 1032 641 1087 Testes
669 1039 767 1087 autem
795 1033 845 1103 qui
874 1033 984 1087 suerint
1013 1032 1154 1087 nominati
1185 1033 1211 1088 si
1237 1049 1269 1087 se

211 1116 313 1184 gratia
339 1115 406 1170 odio
424 1116 472 1169 vel
499 1116 604 1171 timore
632 1116 837 1180 subtraxerint,
857 1134 909 1187 per
936 1117 1150 1172 districtionem
1175 1117 1267 1172 ecele-

210 1199 374 1264 siasticam,
406 1199 599 1271 appellatione
630 1207 750 1265 remota,
779 1200 893 1271 cogatis
921 1200 1039 1254 veritati
1069 1200 1267 1255 testimonium

211 1282 380 1353 perhibere,
400 1283 490 1336 nullis
508 1283 604 1337 literis
623 1283 806 1338 obstantibus
825 1284 850 1337 si
870 1301 935 1353 quae
954 1284 1144 1355 apparuerint
1161 1291 1268 1355 praeter

210 1384 367 1422 assensum
387 1367 515 1437 partium
534 1384 551 1420 a
569 1367 637 1421 sede
663 1367 823 1438 apostoliea
849 1367 1020 1438 impetratae.
1061 1367 1094 1422 Si
1112 1384 1182 1421 vero
1211 1386 1269 1423 non

210 1468 316 1505 omnes
340 1451 388 1505 his
414 1450 591 1521 exequendis
619 1451 773 1521 potueritis
800 1451 951 1517 interesse,
978 1451 1037 1506 duo
1064 1458 1196 1506 vestrum
1223 1470 1267 1516 ea,

209 1535 330 1589 sublato
359 1534 561 1605 appellationis
592 1535 751 1601 obstaculo,
784 1541 973 1604 exequentur.
1028 1534 1137 1590 Datum
1167 1535 1268 1590 Romae

210 1619 293 1690 apud
324 1618 463 1674 Sanctum
494 1618 616 1674 Petrum
647 1620 734 1674 tertio
765 1637 855 1674 nonas
886 1618 1051 1686 Februarii,
1082 1618 1267 1690 pontificatus

209 1701 308 1758 nostri
327 1721 403 1757 anno
421 1709 532 1757 octavo.

263 1833 423 1900 Obtinuit
459 1836 560 1900 etiam
599 1835 755 1922 magister
790 1834 964 1916 Robertus‚
1003 1857 1055 1901 me
1102 1835 1267 1902 nesciente

209 1937 317 2003 donee
340 1959 414 2003 eum
438 1938 485 2002 eis
507 1938 699 2016 recessisset,
724 1937 806 2003 tales
829 1937 942 2003 literas
954 1963 1008 2004 :—

210 2078 343 2145 Forma
358 2078 541 2145 literarum
557 2077 705 2166 episcopi
720 2100 824 2165 seper
831 2079 989 2166 falsitate
999 2078 1268 2167 prieilcpieruau

680 2202 807 2266 repom.

252 2296 440 2352 Innocentius
458 2297 520 2370 epis
523 2315 622 2369 copus,
648 2314 751 2352 servus
782 2314 935 2352 servorum
959 2295 1026 2362 Dei,
1052 2297 1268 2352 venerabilibus
1281 2309 1415 2361 'saedele-

212 2382 356 2436 fratribus
369 2382 481 2437 Eliensi
506 2390 536 2437 et
555 2382 684 2436 Roffensi
705 2381 850 2452 episeopis
874 2387 905 2436 et
927 2381 1116 2452 magistroB.
1131 2383 1268 2437 canonico
1280 2385 1350 2442 gat&
1363 2378 1389 2426 lu

212 2465 421 2531 Londoniensi,
436 2467 612 2521 salutemet
600 2465 822 2536 tapostolicam
845 2463 990 2520 benedict
969 2471 1089 2520 tionem
1136 2445 1399 2520 Praesen-E118¹⁸¹¹‘¹

211 2550 290 2604 tiam
309 2550 393 2605 tobis
412 2557 479 2606 auct
467 2551 584 2606 toritate
556 2549 778 2605 tmandamus
803 2557 949 2619 quatenus
971 2550 997 2604 si
1020 2550 1051 2604 in
1075 2567 1164 2605 causa
1182 2567 1269 2606 vene·
1281 2511 1437 2627 {ffffimeffi

211 2632 318 2687 rabilis
352 2634 433 2688 lrat'
398 2640 451 2688 tris
483 2634 576 2688 nostri
607 2632 811 2703 Wigornensis
847 2633 977 2704 episcopi
1014 2640 1045 2688 et
1083 2632 1183 2688 dilecti
1215 2633 1336 2694 filiiinto
1347 2644 1390 2694 the

212 2716 442 2771 Eveshamensis
472 2717 595 2781 abbatis,
610 2735 698 2788 quam
722 2716 777 2771 sub
802 2722 882 2771 certa
903 2717 996 2771 forma
1019 2716 1103 2772 vobis
1133 2717 1269 2772 duximus
1282 2726 1403 2776 ssfflmne·

212 2801 462 2866 committendam,
477 2800 542 2855 falsi
556 2801 713 2872 contigerit
729 2799 857 2855 incidere
871 2800 1062 2871 quaestionem
1080 2818 1168 2872 super
1179 2801 1271 2873 privi·
1282 2793 1340 2827 Μ’
1351 2776 1431 2892 ⁰s²p⁶

212 2883 304 2954 legiis
328 2883 453 2938 duorum
477 2903 583 2955 rogum
604 2883 736 2938 Kenredi
760 2891 790 2938 et
802 2883 874 2938 offa
899 2903 964 2954 quaa
988 2885 1168 2957 praeponitur
1191 2884 1270 2939 idem
1283 2911 1347 2975 king
1283 2851 1415 2960 grant&

213 2968 305 3023 abbas
329 2968 447 3033 habero,
461 2987 513 3024 ros
537 2969 710 3024 auctoritate
735 2974 801 3023 nost
802 2986 835 3022 ra
858 2969 971 3024 suffulti
996 2969 1065 3024 do'
1057 2987 1130 3040 ipsa,
1155 2969 1269 3025 sublato
1283 2928 1412 3028 andgKen-

213 3052 375 3122 cujuslibet
383 3053 518 3123 appella
511 3054 625 3108 ronisot
613 3053 870 3108 contradietroms
879 3053 1038 3117 obstaculo
1050 3060 1266 3125 cognoscentes
1281 3046 1332 3094 ¹04

214 3156 281 3192 eam
301 3138 357 3192 fine
377 3137 475 3193 debito
495 3139 631 3193 terminet
633 3138 668 3202 is,
686 3139 825 3193 facientes
848 3139 925 3208 quod
947 3140 1110 3194 statueritis
1129 3158 1183 3209 per
1203 3158 1268 3194 cen·
1281 3112 1438 3161 ⁸F²b·¹²⁰⁶'

216 3240 316 3277 suram
328 3222 556 3277 eeclesiasticam
569 3222 693 3277 firmiter
704 3223 863 3286 observari,
875 3222 965 3276 nullis
977 3223 1081 3287 literis,
1097 3230 1151 3277 eto.
1185 3222 1267 3291 Quod

216 3307 244 3361 si
256 3324 313 3361 ιιοιι
325 3325 435 3370 omnes,
450 3313 518 3371 ete,
534 3306 591 3360 duo
603 3313 745 3370 vestrum,
760 3312 815 3360 etc.
854 3305 964 3360 Datum
977 3306 1078 3360 Romae
1090 3306 1168 3376 apud
1181 3306 1268 3362 Sanc-

216 3400 280 3450 tum
290 3390 411 3446 Petrum
424 3397 504 3445 sexto
517 3390 583 3444 idus
592 3389 746 3445 Februarii
759 3389 945 3460 pontificatus
957 3390 1050 3444 nostri
1063 3407 1137 3444 anno
1145 3396 1267 3446 octauo¹

220 3571 416 3639 Consilium
441 3570 497 3638 st.
517 3571 652 3659 prioris
677 3571 770 3638 circe
793 3570 987 3657 capellurws
1009 3577 1039 3638 et
1062 3570 1271 3639 dementum

307 3682 337 3742 et
360 3675 522 3741 denarios
545 3675 632 3741 beati
648 3674 746 3741 Petri
770 3681 926 3741 etiosam
946 3673 1219 3762 privilepieram
1242 3683 1272 3742 et

302 3777 599 3865 praescriptionem
621 3784 651 3844 et
673 3777 969 3865 interruptionem
991 3786 1021 3845 et
1043 3778 1271 3865 receptionem

305 3879 592 3966 Wiporaeasiuaa.

263 4001 439 4086 Privilegia
460 4022 576 4087 regum
598 3999 653 4065 hie
675 4023 742 4065 nan
777 4000 883 4066 scribo
917 4000 996 4086 quia
1018 4000 1104 4065 sieut
1126 4023 1169 4065 ex
1191 4023 1316 4122 prae-be
1286 4005 1403 4138 Male·co

226 4102 410 4168 cedentibus
466 4104 663 4191 perpendere
707 4127 748 4190 pc
751 4108 815 4168 ties
816 4103 845 4167 is
882 4102 989 4167 adhuc
1040 4103 1178 4166 dubium
1224 4075 1364 4189 estseffl
1373 4086 1432 4190 ὦ

227 4210 331 4269 utrum
354 4205 449 4270 nobis
472 4208 540 4270 sint
564 4206 736 4293 profutura
767 4227 879 4270 neone.
927 4203 1036 4268 Multa
1066 4204 1166 4269 etiam
1189 4205 1273 4269 scitu
1287 4206 1442 4256 alltheuets

229 4304 322 4393 digna
343 4308 397 4373 hie
431 4309 571 4374 seribere
602 4310 829 4396 praetermitte,
852 4329 895 4372 ne
917 4329 1111 4393 quoeunque
1134 4330 1210 4372 casu
1232 4273 1437 4390 adgifflffii

227 4408 423 4476 adversarios
457 4418 585 4476 nostros
616 4413 730 4477 eadem
767 4411 971 4498 perveniant,
1003 4411 1081 4496 quia
1112 4414 1275 4495 quantum
1288 4413 1411 4538 ἓξὲῗθῐω

228 4513 387 4592 prodesset
425 4521 589 4580 nostrates
626 4538 664 4580 ea
698 4515 789 4592 scire,
829 4513 1038 4578 tantumdem
1073 4514 1201 4579 obesset
1232 4514 1275 4579 ad
1288 4489 1367 4590 alsy

424 4743 431 4772 ¹
444 4743 541 4808 ocweo]
556 4743 669 4808 septimo,
688 4742 754 4805 MS„
770 4742 804 4807 by
817 4742 910 4809 clearly
922 4757 937 4793 a
948 4741 1049 4792 elerical
1060 4756 1136 4794 error.

1121 4841 1146 4888 N
