3264 5662
423 795 625 846 cunourcou
648 794 806 847 annsmn
830 797 876 846 nn
899 795 1070 848 evasurus
1207 786 1269 850 199

208 987 316 1061 retur,
340 1005 430 1048 moro
453 984 659 1070 litigantium
684 984 842 1049 audacter
872 990 906 1050 et
929 991 1190 1071 praesumptuoso
1220 984 1349 1052 reAED·
1365 992 1435 1042 ¹2⁰⁶·

207 1085 331 1173 spondi
363 1085 454 1172 quod
483 1087 526 1151 ad
556 1108 653 1152 omne
684 1109 793 1172 quare,
815 1088 902 1152 sicut
928 1109 971 1152 ex
993 1088 1171 1174 praemissis
1196 1089 1268 1172 jam

209 1188 337 1253 mundo
369 1190 524 1266 innotuit,
561 1189 591 1254 ei
623 1190 861 1275 responderem,
892 1195 928 1255 ct
958 1190 1156 1276 vigilantius
1188 1191 1268 1256 insi·

209 1289 327 1356 dietus
358 1314 431 1357 sum
461 1292 499 1356 ei.
558 1292 669 1372 Quum
700 1292 805 1378 igitur
827 1293 981 1357 dominus
1004 1315 1097 1379 papa,
1128 1298 1168 1357 ut
1197 1300 1268 1359 erat

210 1393 457 1474 curialissimus,
474 1415 563 1459 more
586 1417 645 1459 suo
660 1394 888 1459 liberalissimo
904 1416 1074 1481 oppressos
1089 1396 1267 1473 consolans,

210 1518 258 1561 no
280 1497 387 1561 victus
417 1497 624 1562 adversarius
654 1502 768 1561 noster
798 1497 913 1562 dolens
942 1498 1113 1578 recederet,
1145 1499 1267 1563 multas

208 1599 369 1685 speciales
392 1600 616 1685 indulgentias
631 1600 818 1665 adversario
840 1605 954 1664 nostro
969 1599 1166 1678 indulsisset,
1187 1623 1267 1687 qua

208 1701 292 1767 (lam
314 1701 367 1766 die
390 1724 492 1787 quum
515 1704 550 1767 in
573 1702 706 1789 publica
737 1702 909 1768 andicntia
935 1702 1130 1788 legerentur,
1162 1702 1265 1788 objeci

207 1825 267 1869 mc
301 1805 525 1870 adversarium
558 1810 593 1870 et
626 1805 779 1870 omnibus
813 1805 1007 1884 contradixi,
1042 1807 1192 1891 quamvis
1226 1807 1266 1872 de

210 1905 328 1972 multis
350 1907 434 1971 nihil
457 1909 500 1972 ad
524 1930 584 1973 me.
631 1908 676 1974 Et
698 1930 801 1994 quum
827 1909 863 1974 in
893 1910 1037 1973 crastino
1061 1909 1104 1973 ad
1131 1909 1266 1974 audien-

207 2009 293 2075 tiam
316 2010 594 2075 contradictarum
616 2012 887 2086 convenissemus,
910 2011 1065 2075 misertus
1087 2011 1267 2077 adversarii

206 2113 277 2177 mei
300 2134 337 2177 eo
360 2113 448 2198 quod
471 2113 567 2178 valde
590 2113 696 2177 tristis
719 2112 909 2191 efficeretur,
934 2113 1007 2178 dixi
1029 2113 1059 2178 ei
1082 2119 1121 2178 ut
1145 2114 1267 2181 diceret

209 2216 295 2279 mihi
311 2237 409 2300 quam
439 2237 572 2280 causam
604 2215 741 2280 haberet
768 2220 883 2280 contra
913 2237 966 2281 ms
997 2220 1032 2280 et
1058 2216 1267 2283 renuntiaret

207 2317 269 2396 illi,
301 2324 335 2384 et
356 2341 416 2405 ego
439 2319 591 2383 omnibus
615 2318 930 2383 contradictionibus
953 2318 1057 2396 meis;
1088 2324 1122 2382 et
1138 2317 1265 2383 factum

207 2425 263 2485 est
284 2420 341 2485 ita
387 2421 470 2485 Erat
501 2425 612 2486 autem
639 2442 738 2485 causa
759 2420 970 2505 hujusmodi:
1003 2419 1174 2506 episcopus
1198 2420 1267 2485 Wi-

207 2523 336 2610 gomiae
373 2531 490 2587 nactus
528 2524 764 2609 possessionem
798 2522 1039 2605 jurisdictionis
1077 2523 1267 2589 monasterii

209 2625 325 2704 nostri,
354 2647 457 2710 quum
480 2624 640 2702 monachi,
664 2632 703 2689 ut
725 2645 811 2710 saepe
834 2624 906 2688 dixi
930 2623 1033 2703 vobis,
1058 2623 1185 2689 nollent
1216 2649 1268 2691 ac·

212 2728 377 2813 quiescere
400 2729 430 2792 ci
453 2734 492 2792 ut
515 2751 573 2815 per
595 2749 650 2793 cos
665 2728 705 2793 de
721 2749 861 2813 persona
884 2727 1016 2792 abbatis
1039 2727 1134 2791 fieret
1156 2728 1266 2814 inqui·
1280 2739 1385 2857 'rpe’bt

1238 2832 1244 2846 ·
1280 2823 1412 2871 sopsrn·

211 2830 297 2907 sitio,
320 2831 400 2895 fecit
423 2852 494 2895 earn
517 2852 575 2916 per
590 2831 826 2915 compatriotas
840 2836 970 2896 nostros
993 2831 1055 2895 sub
1075 2830 1267 2896 testimomo
1280 2875 1418 2939 quiryina

212 2932 360 2997 omnium
383 2932 600 3018 pirrelatorum
621 2933 827 3019 episcopatus
854 2932 914 3010 sui,
942 2937 985 3008 et,
1016 2932 1131 3018 sigillis
1156 2955 1266 2998 corum
1280 2942 1322 2991 the
1333 2942 1431 3020 abbotjs

213 3033 249 3099 in
272 3057 311 3099 ca
333 3037 494 3121 appensis,
517 3036 610 3099 misit
635 3056 707 3098 earn
732 3036 865 3100 domino
890 3056 989 3120 papae.
1041 3034 1131 3098 Huic
1162 3057 1266 3102 causae
1279 3010 1428 3139 ffissssffi

213 3138 421 3201 renuntiavit
444 3137 601 3223 magister
617 3136 790 3213 Robertus
815 3142 849 3201 et
864 3136 977 3200 fractis
995 3136 1111 3221 sigillis
1127 3138 1267 3203 tradidit
1279 3148 1305 3192 at
1316 3142 1396 3191 Rome

216 3237 294 3302 milri
326 3237 529 3302 schedularn¹
563 3239 729 3324 scriptam,
753 3238 846 3302 nullo
871 3239 994 3301 sciente
1017 3243 1140 3321 praeter
1164 3260 1215 3301 me
1231 3246 1266 3303 et
1279 3211 1416 3340 gloffl'

215 3341 329 3426 ipsum,
354 3346 389 3404 et
411 3340 489 3404 fecti
513 3362 626 3404 sumus
652 3340 750 3403 amici
773 3339 965 3414 adinvicem,
981 3360 1041 3402 uec
1055 3339 1266 3423 apposuimus

216 3442 354 3528 amplius
380 3443 521 3507 invicem
544 3463 604 3506 nos
636 3444 671 3506 in
706 3442 816 3526 aliquo
853 3462 1001 3526 gravare.
1059 3440 1104 3504 Et
1138 3442 1185 3505 sic
1218 3441 1266 3506 ibi

215 3541 337 3608 tactum
361 3550 412 3608 est
435 3567 475 3609 nc
498 3544 601 3608 abbas
625 3566 645 3607 a
667 3544 799 3608 domino
822 3564 908 3629 papa
939 3542 1165 3627 deponeretur,
1188 3545 1268 3629 quia

218 3645 242 3708 si
264 3646 401 3710 vidisset
424 3647 672 3731 inquisitionem
704 3647 828 3730 inqua
855 3645 960 3709 multa
989 3646 1136 3710 enormia
1165 3648 1269 3712 conti·

219 3748 388 3823 rebantur,
418 3750 487 3813 sine
519 3748 621 3812 dubio
652 3770 727 3811 eum
757 3747 969 3833 deposuisset.
1027 3747 1083 3811 Ita
1113 3756 1147 3812 et
1177 3750 1270 3834 prius

222 3849 341 3915 lactum
363 3850 428 3916 suit
452 3853 487 3916 in
509 3851 633 3936 Anglia
655 3873 697 3914 ne
720 3850 762 3916 ab
786 3851 938 3938 episcopo
962 3851 1185 3935 deponeretur.

225 4084 267 4150 Dc
281 4108 409 4152 recessu
426 4086 627 4153 clericorem
641 4084 790 4172 episcopi
812 4091 842 4149 ct
861 4089 976 4168 postea
999 4082 1113 4148 clerici
1131 4083 1269 4166 abbatis,

307 4198 337 4255 cl
370 4191 495 4255 altimo
527 4190 565 4254 dc
597 4211 724 4254 recessa
760 4187 893 4252 Tliomcc
926 4184 1085 4251 raciccclii
1116 4210 1139 4252 a
1171 4189 1272 4254 catria

311 4294 431 4380 (absque
457 4293 597 4359 licentio
621 4291 759 4356 <tezelini
779 4313 888 4376 propre.

269 4432 345 4497 Post
368 4455 487 4519 paucos
510 4455 588 4497 vero
619 4432 689 4495 dies
716 4433 919 4494 recesserunt
949 4427 1129 4493 adversarii
1159 4431 1273 4513 nostri,

228 4542 261 4600 et
286 4530 366 4604 tunc
397 4541 561 4604 instanter
594 4539 772 4624 petivimus
804 4536 969 4598 licentiam
1002 4533 1181 4614 recedendi,
1217 4559 1275 4601 nec

293 4690 338 4697 —Q
635 4688 778 4695 ..-—.-.-..
793 4686 929 4693 -—--.

576 4749 740 4819 ¹sckcdulum]
754 4750 875 4809 cedulam,
887 4748 943 4799 ils.
