3264 5662
419 799 622 854 CHROMOON
644 798 802 850 ABBATIAE
824 797 872 850 DE
894 795 1065 850 Evnomia
1224 783 1266 847 35

214 980 375 1037 adeundos.
415 978 544 1049 Quorum
567 977 669 1032 limina
693 994 784 1048 quum
809 975 930 1031 adiisset
953 983 1103 1031 eteorum
1127 973 1268 1045 suffragia

220 1066 395 1138 postulasset
420 1061 618 1128 devotissime,
649 1060 707 1116 tale
738 1061 769 1116 in
800 1060 909 1115 somnis
939 1060 1051 1131 recepit
1077 1076 1265 1131 responsum:

219 1149 332 1206 “Vade
352 1150 384 1204 in
405 1148 552 1219 Angliam
580 1153 610 1202 et
633 1143 712 1200 beati
735 1144 872 1217 praesulis
898 1144 1032 1216 Ecgwini
1052 1144 1150 1199 locum
1170 1143 1267 1198 debito

214 1233 411 1291 venerationis
434 1233 517 1289 cultu
533 1231 661 1303 require,
681 1236 712 1286 et
728 1228 960 1286 misericordiam
984 1228 1158 1285 obtinebis.'’
1196 1227 1266 1283 Sur-

214 1337 286 1393 gene
310 1320 412 1391 itaque
438 1336 457 1372 a
480 1316 589 1373 somnis
610 1317 712 1372 beatus
736 1315 881 1387 poenitens
906 1313 1017 1385 gaudet
1041 1331 1071 1369 ae
1100 1329 1154 1386 pro
1184 1318 1266 1385 parte

214 1405 363 1476 accepisse
382 1402 460 1474 quod
482 1400 665 1473 quaesiverat.
712 1399 929 1456 Exaudiverant
946 1400 1024 1454 enim
1043 1416 1110 1454 eum
1132 1396 1267 1470 Apostoli

217 1496 248 1545 nt
268 1488 428 1543 consilium
460 1485 572 1552 darent,
596 1504 654 1541 non
676 1490 712 1540 ut
737 1481 794 1556 [in]
830 1502 958 1557 praesens
983 1484 1070 1556 plene
1097 1482 1264 1538 liberarent.

218 1573 348 1645 Accepta
383 1572 482 1643 itaque
513 1589 565 1642 spe
595 1569 760 1626 certissima
790 1586 891 1625 eorum
924 1569 981 1625 sibi
1010 1586 1068 1624 non
1097 1568 1266 1624 abfutruum

217 1657 359 1713 auxilinm
371 1673 497 1728 qnorum
515 1661 666 1728 receperat
683 1653 848 1721 consilium,
863 1672 951 1727 quem
969 1654 1093 1726 cogebat
1108 1653 1266 1708 necessitas

216 1741 390 1797 delationem
408 1748 469 1797 tam
487 1758 607 1812 gravem
625 1739 837 1811 patientissime
855 1739 1005 1804 sustinuit,
1020 1739 1089 1810 quia
1106 1755 1164 1793 non
1182 1737 1267 1793 aliter

217 1825 311 1898 potnit
329 1825 461 1880 obtinere
480 1823 559 1895 quod
579 1823 717 1894 expetiit;
737 1827 853 1878 etcum
874 1823 927 1879 tali
950 1822 1140 1879 valefactione
1161 1822 1266 1878 itinere

218 1915 344 1982 arrepto,
359 1909 452 1965 aedern
470 1909 563 1964 sancti
581 1907 714 1979 chwini
727 1907 807 1972 adiit,
826 1908 858 1962 in
876 1908 960 1980 cujus
978 1908 1100 1964 basilica
1112 1924 1202 1979 quum
1214 1924 1267 1979 per

218 1994 324 2049 multos
350 1994 414 2048 dies
438 1993 559 2066 jejuniis
589 2001 618 2048 et
647 1992 825 2048 orationibus
852 1993 1008 2065 expetitam
1038 1998 1069 2048 et
1087 1997 1267 2065 expectatam

218 2078 426 2134 misericordiae
456 2096 540 2150 opem
563 2077 791 2149 prestolaretur,
815 2076 939 2148 quadam
962 2078 1020 2142 die,
1047 2077 1119 2133 hora
1138 2076 1227 2132 tertia
1249 2095 1268 2130 a

218 2162 356 2218 iratribus
380 2163 548 2218 monasterii
568 2162 756 2218 devotissime
775 2163 934 2228 decantata,
955 2168 985 2218 et
1002 2161 1102 2228 misem
1125 2169 1161 2217 nt
1177 2161 1266 2216 moris

218 2254 271 2310 eat,
291 2247 480 2302 celeberrime
505 2247 669 2312 subsecuta,
695 2248 767 2302 hora
783 2246 978 2318 perceptionis
1004 2246 1105 2304 Divini
1131 2245 1268 2318 Mysterii

220 2349 286 2390 vero
304 2332 458 2405 poenitenti
470 2331 602 2388 divinum
619 2349 676 2388 non
694 2331 789 2388 defuit
806 2331 1010 2388 ministerium.

655 2574 763 2631 Lscno
775 2574 830 2631 XI.

253 2739 331 2797 llam
350 2737 459 2795 virtute
471 2737 571 2794 dirim
589 2743 669 2795 tanta
688 2738 720 2794 vi
740 2737 851 2794 nonus¹
875 2738 927 2794 ille
944 2738 1072 2795 circulus
1090 2739 1268 2814 dirumpitur

224 2831 254 2881 nt
270 2827 333 2899 ipse
352 2826 452 2895 fragor
464 2824 495 2880 in
507 2825 594 2879 choro
606 2842 625 2879 a
642 2824 782 2880 fratribus
795 2825 956 2889 audiretur,
980 2826 1040 2881 acsi
1067 2825 1177 2881 serrum
1198 2827 1269 2882 mal·

224 2910 264 2965 leo
284 2917 496 2983 percuteretur.
541 2909 581 2963 Ει
599 2910 662 2980 ipso
679 2909 791 2981 impetn
817 2910 965 2964 fractionis
985 2927 1002 2964 a
1022 2909 1085 2964 loco
1109 2911 1160 2966 ubi
1185 2929 1268 2966 secus

224 2997 310 3052 altare
326 2995 470 3069 poenitena
484 2995 585 3049 orabat
596 2995 706 3049 ferrum
727 2994 802 3049 illud
817 2995 848 3049 in
866 2995 987 3050 chorum
1006 2993 1196 3067 dejiciebatur
1208 2998 1268 3051 acsi

225 3099 307 3137 mann
340 3080 470 3136 hominis
492 3080 665 3150 jactaretur,
691 3084 726 3134 ut
748 3078 856 3135 divinia
887 3081 1084 3135 miserationis
1115 3081 1269 3152 opitulatio

223 3166 355 3220 omnibns
374 3164 621 3218 manifestaretur.
660 3164 791 3219 Eventus
810 3165 904 3234 igitur
923 3165 1034 3229 ordine,
1055 3166 1125 3220 facti
1145 3166 1220 3221 serie
1239 3174 1269 3221 ct

224 3251 263 3305 rei
285 3249 411 3305 veritate
430 3265 447 3302 a
471 3248 610 3302 fratribus
635 3249 803 3303 monasterii
829 3248 1001 3319 diligentius
1019 3248 1178 3320 inquisitis,
1203 3250 1268 3320 pul·

225 3342 323 3390 santur
335 3334 468 3399 classica,
483 3339 513 3387 et
525 3332 604 3387 clara
621 3350 692 3388 voce
705 3351 772 3387 cum
791 3332 953 3403 gratiarnm
966 3333 1078 3388 actione
1096 3333 1270 3388 attolluntur

226 3418 275 3474 Dei
289 3418 446 3489 magnalia.
483 3416 508 3472 Ο
531 3435 618 3489 quam
637 3417 767 3472 veridica
785 3416 904 3472 Domini
917 3419 1069 3483 sententia,
1084 3437 1142 3490 qua
1154 3426 1269 3476 secutos

226 3521 253 3558 se
272 3503 318 3558 his
346 3520 412 3573 quae
431 3502 489 3573 ipsi
509 3501 585 3556 Eum
610 3501 714 3556 iecisse
740 3501 876 3556 viderant
900 3502 1017 3569 similia,
1039 3504 1128 3558 immo
1148 3505 1268 3578 majora,
1284 3523 1403 3577 stJoh„

225 3588 348 3643 lecturos
362 3587 547 3658 promiserat.
586 3586 662 3641 Ecce
684 3585 763 3641 enim
781 3586 917 3642 omnibus
930 3587 978 3659 pio
991 3588 1177 3646 credentibus
1190 3596 1271 3663 patet
1283 3593 1336 3644 xic.
1350 3599 1388 3646 ιι.

227 3671 287 3727 luce
317 3671 439 3743 quidem
469 3670 587 3734 clarius,
620 3670 698 3741 qnod
725 3671 868 3726 Dominus
893 3671 978 3728 beato
1002 3673 1150 3743 Ecgwino,
1183 3694 1270 3746 quem

227 3757 396 3812 mirabiliter
409 3754 537 3811 solverat
554 3773 572 3809 a
583 3755 718 3820 vinculis,
739 3761 913 3826 potestatem
931 3758 1088 3812 contulerit
1104 3759 1270 3814 mirabilius

227 3840 353 3897 solvendi
371 3839 444 3894 alios
462 3856 481 3894 a
497 3839 619 3895 nexibus
638 3847 699 3895 tam
717 3840 821 3895 animae
840 3859 927 3912 quam
945 3843 1084 3913 corporis.
1120 3843 1168 3898 Ad
1184 3844 1269 3899 illum

229 3942 348 3997 nemque
367 3942 456 3995 quem
474 3923 509 3978 ab
528 3924 638 3995 Anglia
656 3923 779 3979 Romam
798 3925 928 3981 traduxit
944 3926 1097 3981 avinculis
1116 3927 1220 3983 ferreis
1233 3928 1269 3983 ab

231 4008 371 4082 Apostolis
400 4007 580 4073 solvendum,
607 4007 643 4062 de
661 4009 762 4064 eadem
780 4009 853 4064 urbe
872 4010 902 4064 in
920 4009 1058 4081 Angliam
1076 4029 1129 4082 per
1153 4012 1270 4068 eosdem

232 4094 379 4167 Apostolos
399 4093 481 4147 misit
501 4093 591 4147 istum
612 4094 802 4164 poenitentem
824 4112 841 4149 a
861 4094 971 4149 circulo
990 4095 1084 4149 samec
1108 4096 1145 4150 ab
1169 4096 1270 4152 eodem

232 4178 417 4234 liberandum.
454 4176 643 4232 Celebremns
667 4178 769 4248 igitur,
792 4179 899 4234 fratres
923 4179 1118 4246 dilectissimi,
1144 4181 1270 4237 devotis·

234 4263 297 4319 sime
322 4264 396 4319 tanti
421 4262 513 4334 patrie
543 4263 773 4328 translationem,
800 4282 887 4335 quem
912 4264 1055 4319 Dominus
1080 4265 1271 4337 Omnipotens

236 4355 279 4412 ιιι,
304 4350 403 4413 tantis,
425 4356 454 4403 ct
479 4352 538 4402 tam
557 4347 698 4404 mirandis
721 4349 882 4404 virtutibus
906 4350 1052 4422 glorificat
1075 4350 1106 4407 in
1131 4352 1218 4408 terris
1242 4360 1273 4411 et

238 4433 311 4489 nobis
332 4433 499 4489 manifestat
516 4432 711 4504 glorificatum
729 4433 760 4489 in
778 4434 870 4491 coelis.

495 4606 818 4613 m*
826 4608 878 4614 -.-
888 4610 942 4615 ..—

943 4610 1261 4621 --———-—.-—-

602 4716 608 4745 ¹
619 4715 707 4781 nones]
720 4731 807 4775 novus,
820 4717 874 4767 MS.

1075 4808 1139 4868 02
