3270 5656
490 793 694 845 cuaourcou
717 792 877 844 unauna
901 796 947 843 oa
971 794 1138 845 uvuenan.
1296 779 1337 843 39

280 1205 316 1270 I
314 1209 431 1296 ncipit
456 1208 623 1295 Prolopue
649 1208 752 1276 Lc'bri
766 1208 920 1276 Seniculi
940 1207 982 1273 de
1004 1207 1191 1273 Mirocutic
1212 1206 1337 1274 &cocti

382 1312 524 1398 Epcoe'ni
539 1336 613 1400 q-eece
627 1312 718 1379 Deua
730 1335 794 1399 per·
809 1311 914 1378 >ilicem
926 1317 1082 1397 operatua
1098 1317 1143 1375 eat
1156 1317 1338 1396 postquam

383 1414 503 1482 abhoc
522 1414 685 1482 motabili
708 1417 781 1482 tuce
796 1413 931 1481 decessit
941 1440 954 1494 ;
976 1412 1088 1481 edituo
1110 1435 1133 1480 o
1155 1412 1337 1480 Dominieo

383 1518 507 1585 Peiore
522 1503 747 1586 nuaram-ie.

340 1703 450 1784 Quum
474 1705 589 1771 divina
609 1705 853 1792 Omnipotentis
868 1705 930 1771 Dei
946 1704 1100 1770 miracula
1126 1726 1184 1791 per
1210 1710 1339 1770 sanctos

285 1808 381 1872 viros
405 1809 600 1875 mirabiliter
629 1814 759 1876 ostensa
788 1810 895 1875 varios
925 1814 960 1874 et
990 1809 1184 1894 multiplices
1214 1809 1339 1873 fructus

286 1931 332 1975 ea
346 1912 399 1997 pie
415 1912 694 1978 considerantibus
709 1913 883 2000 proferant,
900 1935 967 1977 non
981 1911 1221 1977 incommodum
1245 1911 1341 1975 durd-

287 2033 367 2079 muo
387 2037 492 2101 pauca
506 2016 650 2083 breviter
671 2017 851 2104 praelibare,
869 2021 1030 2102 quatenus
1046 2038 1137 2082 mena
1160 2021 1230 2080 tarn
1253 2015 1340 2079 dulci

288 2119 459 2185 memoriae
489 2118 620 2185 intenta
655 2121 814 2186 virtutem
856 2119 1043 2206 hujusmodi
1073 2119 1342 2185 considerationis

290 2221 406 2287 valeat
420 2223 599 2289 secundum
614 2224 775 2289 rationem
789 2222 1007 2310 perpendere;
1030 2245 1185 2309 magnum
1200 2243 1342 2308 namque

291 2325 438 2391 fructum
464 2326 649 2414 legentibus
673 2332 707 2393 et
726 2325 946 2407 audientibus,
972 2327 1000 2390 oi
1021 2326 1119 2412 digne
1145 2325 1179 2390 id
1207 2326 1341 2412 egerint,

294 2430 463 2516 perspicue
493 2429 717 2509 manifestant,
748 2430 901 2516 quoniam
933 2435 967 2494 et
1004 2429 1161 2515 placidior
1191 2450 1211 2493 a
1248 2450 1343 2492 mun-

295 2531 455 2598 danorum
471 2532 701 2619 phantasmate
713 2534 868 2599 memoria
877 2531 1069 2613 custoditur,
1079 2537 1113 2597 et
1123 2552 1343 2618 saepenumero

297 2641 466 2701 tantorum
496 2641 706 2723 patronorum
744 2637 902 2723 exemplis
935 2635 1066 2701 coeleste
1102 2656 1239 2721 regnum
1276 2656 1343 2700 non

297 2744 442 2826 negatur.
489 2739 574 2805 Inde
599 2741 686 2805 enim
713 2741 784 2805 exit
810 2739 1050 2826 quamplurima
1080 2737 1216 2804 dulcedo
1246 2737 1344 2802 laude

300 2838 505 2923 Divinitatis,
527 2843 650 2908 arduus
665 2843 766 2908 etiam
788 2864 887 2923 amor,
911 2848 1097 2909 sanctorum
1119 2841 1231 2928 gloria,
1252 2841 1345 2905 favor

301 2947 546 3031 preteritomm,
578 2947 763 3012 emendatio
793 2946 1012 3033 praesentium,
1052 2967 1124 3032 spes
1157 2945 1345 3009 futuromrm

304 3046 465 3115 bonorum
512 3049 620 3127 Unde,
653 3051 731 3136 quia
761 3050 866 3114 multa
896 3072 969 3136 quae
1001 3049 1091 3112 Deus
1122 3071 1180 3134 per
1210 3047 1345 3112 beatum

304 3161 424 3237 patrem
440 3160 589 3219 nostrum
606 3159 755 3218 sanctum
768 3152 963 3239 Ecgwinum
979 3151 1132 3238 dignatae
1148 3156 1199 3216 est
1210 3149 1345 3237 operari,

305 3257 500 3343 negligentia
514 3262 548 3322 et
562 3256 688 3321 incuria
704 3256 899 3342 scriptorum
915 3257 1033 3320 scimus
1049 3253 1207 3319 oblivioni
1222 3252 1347 3316 tradita

307 3380 376 3438 ease,
407 3359 545 3446 proinde
584 3381 762 3446 congruum
801 3359 934 3424 videtur
973 3358 1138 3423 memoriae
1176 3356 1346 3420 literarum

308 3462 429 3528 tradere
460 3485 498 3528 ca
524 3484 597 3548 quae
628 3485 648 3526 a
671 3462 823 3528 fidelibne
850 3467 885 3527 et
911 3461 1105 3526 credulitate
1131 3458 1240 3546 dignis
1266 3459 1347 3524 viris

308 3567 466 3650 potuimus
493 3565 671 3632 secundum
695 3567 742 3631 rei
767 3566 942 3631 veritatem
972 3564 1136 3651 indagare.
1192 3562 1233 3627 Id
1260 3563 1347 3627 enim

308 3673 341 3732 ut
362 3691 538 3756 ageremus,
565 3670 746 3735 multarum
769 3670 928 3736 instantia
951 3690 1083 3756 precum
1106 3673 1142 3732 et
1163 3666 1348 3733 obedientia

308 3773 560 3859 praecipientium
575 3773 716 3838 fratrum
731 3777 765 3837 et
780 3774 923 3838 maxime
947 3793 1055 3837 amoro
1071 3771 1175 3837 sancti
1191 3770 1348 3857 compulsi

307 3894 419 3941 eumue.
481 3875 650 3942 Praeclaree
688 3877 791 3962 igitur
825 3875 946 3941 virtuti
976 3874 1171 3940 obedientiae
1202 3874 1347 3938 animum

307 3978 543 4059 submittentes,
568 3979 625 4043 illa
654 3980 817 4066 praecipue
841 3979 1028 4045 studuimus
1054 3977 1242 4064 depromere
1273 3998 1347 4062 quae

307 4080 344 4145 ab
373 4083 452 4168 ipsis
481 4105 502 4146 a
532 4083 652 4168 quibus
683 4088 761 4147 eunt
784 4083 858 4147 visa
887 4082 1094 4169 percepimus,
1126 4085 1225 4166 prout
1254 4085 1345 4165 gesta

307 4186 504 4250 constantin
521 4185 591 4273 ipsa
601 4186 749 4251 veritate.
796 4184 898 4251 Nullo
913 4185 1007 4250 modo
1027 4184 1147 4270 quippe
1162 4183 1255 4247 decet
1266 4205 1347 4269 pne

307 4288 401 4352 terire
426 4287 564 4375 singula,
589 4288 667 4354 licet
691 4310 757 4354 non
785 4290 944 4375 posennus
974 4287 1062 4352 tanti
1092 4287 1156 4351 viri
1187 4286 1347 4372 explicare

307 4391 461 4457 universa
517 4393 569 4457 Sit
598 4393 709 4478 igitur,
742 4391 862 4457 Sancto
887 4391 1014 4478 Spiritu
1041 4389 1232 4477 opitulante,
1260 4390 1348 4476 prin-

306 4492 422 4580 cipium
455 4495 611 4561 narrandi
638 4494 725 4581 quod
752 4495 963 4581 cognovimus
993 4500 1142 4559 sanctum
1174 4492 1237 4558 Dei
1268 4493 1348 4580 Ecg-

307 4597 426 4663 uinum
451 4598 485 4662 in
508 4599 645 4683 antiquo
667 4605 813 4685 tempore
838 4598 950 4664 fecisse
972 4621 1031 4686 per
1052 4598 1210 4662 virtutem
1235 4595 1308 4662 Dei.
