3264 5662
489 808 690 861 cssoaroos
713 807 872 861 assuris
895 811 1136 869 pervasurus
1271 797 1335 875 aa

283 1019 344 1087 ego
366 1021 388 1064 s
411 999 511 1065 Petro
534 998 630 1064 Pauli
660 998 731 1062 cive
763 998 911 1065 Romano
934 1000 970 1065 in
993 1000 1099 1088 primo
1120 1001 1240 1068 itinere
1263 1016 1416 1071 meost).
1431 1024 1502 1074 121⁴.

284 1109 401 1169 mutuo
424 1101 543 1188 accepi,
564 1108 600 1167 et
626 1101 725 1166 aliam
755 1102 921 1188 signatam
946 1103 1054 1190 sigillo
1079 1104 1211 1171 abbatis
1237 1127 1337 1193 snper

283 1205 397 1272 debito
430 1204 652 1292 quadraginta
688 1226 883 1284 marcarum,
930 1206 1053 1272 scilicet
1086 1208 1129 1274 de
1168 1209 1336 1295 praedictis

283 1308 406 1396 viginti
433 1307 560 1387 marcis,
585 1329 666 1393 quas
700 1306 804 1373 abbas
828 1307 865 1372 in
905 1307 1017 1375 eadem
1045 1317 1134 1376 carta
1159 1312 1335 1398 spopondit

283 1434 317 1477 se
341 1411 536 1487 soluturum,
562 1417 596 1475 et
632 1410 674 1474 de
703 1410 777 1474 aliis
816 1410 940 1498 viginti
975 1413 1092 1479 marcis
1127 1437 1208 1500 quas
1232 1416 1335 1482 abbas

283 1515 326 1580 ab
356 1515 469 1582 eodem
506 1513 603 1579 Petro
638 1517 755 1578 mutuo
785 1515 919 1600 accepit,
950 1515 1045 1582 nobis
1084 1538 1152 1582 non
1181 1519 1335 1585 restitue·

282 1623 362 1684 runt
390 1617 538 1683 Romani.
600 1615 665 1682 Sed
703 1638 800 1703 super
838 1617 1008 1699 solutions,
1036 1618 1180 1705 ejusdem
1230 1621 1334 1687 debiti

282 1721 467 1809 specialiter
496 1726 530 1786 et
571 1719 718 1785 omnium
759 1718 898 1785 aliorum
929 1719 1116 1787 debitorum
1147 1722 1212 1788 duo
1242 1723 1335 1811 paria

282 1826 587 1902 instrumentorum,
611 1844 685 1908 quse
708 1821 865 1888 dicuntur
895 1829 974 1901 sior,
1008 1825 1104 1891 nobis
1125 1825 1335 1893 confecerunt

282 1928 414 2016 signata
439 1927 546 2014 sigillo
571 1925 667 1991 Lucoe
690 1925 796 1991 Scarsi
828 1927 990 2013 generalis
1017 1930 1235 2015 procuratoris
1266 1951 1335 1997 om·

283 2031 377 2096 nium
411 2030 609 2097 creditorum
643 2035 829 2094 nostrorum
864 2029 1096 2098 Romanorum.
1169 2031 1215 2097 Et
1237 2030 1335 2099 detu-

282 2135 381 2199 limus
410 2133 583 2220 privilegia
613 2129 845 2196 Eveshaminm
876 2130 1051 2199 Dominica
1084 2157 1150 2221 qua
1180 2140 1451 2206 cantatursSanu.
1464 2157 1501 2207 ns-

284 2235 510 2303 Misericordia
548 2234 692 2299 Domini.
738 2233 823 2298 Tum
862 2256 930 2322 ego,
969 2237 1094 2323 gratias
1128 2259 1229 2325 agens
1261 2238 1332 2305 Dec
1345 2220 1491 2284 “mm'’

282 2349 318 2407 et
347 2340 480 2427 gavisus
511 2338 600 2424 quod
631 2336 805 2424 privilegia
837 2359 911 2423 quae
934 2359 994 2425 ego
1016 2341 1147 2426 pignori
1169 2340 1333 2428 obligave-
1348 2288 1464 2409 iiripffl

188 2446 194 2459 '
283 2465 353 2509 ram
376 2442 467 2508 saiva
488 2441 531 2507 sd
553 2463 613 2507 nos
635 2440 869 2527 pervenissent,
893 2441 1069 2528 impetravi
1091 2442 1133 2508 ab
1156 2442 1276 2511 abbate
1299 2450 1334 2511 et

284 2552 448 2615 conventu
472 2550 511 2610 nt
542 2548 729 2609 statuerent
764 2544 851 2629 quod
875 2543 915 2609 de
947 2545 1164 2631 proventibus
1198 2547 1334 2614 decana·

284 2656 347 2729 tus,
371 2671 451 2735 quos
474 2670 533 2734 ego
556 2669 615 2734 pro
649 2646 823 2712 voluntate
856 2668 930 2711 mea
963 2649 1117 2713 consuevi
1141 2650 1333 2736 expendere,

285 2753 456 2819 annuatim
487 2751 600 2816 darem
622 2751 793 2817 caritatem
816 2751 887 2815 vini
919 2773 958 2817 ea
992 2752 1045 2818 die
1077 2754 1265 2832 conventui,
1298 2761 1335 2822 st

284 2857 340 2925 alii
363 2855 477 2922 decani
499 2860 573 2943 post
595 2874 648 2919 me
671 2853 707 2918 in
730 2858 934 2941 perpetuum.

287 3301 481 3372 Omisit-ium
498 3301 630 3366 stoma
653 3298 789 3386 prioris
814 3297 905 3363 cirea
929 3298 1128 3381 electionem,
1154 3299 1333 3387 corpissita-

372 3406 499 3473 tioacm
529 3411 558 3468 et
590 3402 853 3468 beriedictionsm
875 3401 1044 3477 abbatum,
1081 3409 1112 3465 et
1142 3402 1331 3471 custodium

373 3507 528 3574 ausaritis
551 3505 693 3571 (abbatiss
708 3511 737 3570 et
752 3526 859 3570 sessim
878 3505 1102 3591 possessionis
1125 3506 1216 3572 circa
1238 3529 1286 3574 ca.

330 3703 439 3789 Igitur
472 3698 565 3764 vobis
594 3719 676 3784 quos
713 3696 852 3761 aliorum
890 3695 1047 3761 ablatum
1083 3697 1434 3765 Eveshamensisuiss

284 3805 425 3872 ecciesiae
440 3805 591 3888 expectat
606 3800 729 3879 electio,
746 3799 848 3864 immo
863 3805 898 3864 et
922 3799 1000 3886 ipsis
1023 3799 1135 3865 electis
1150 3799 1266 3887 loquor
1277 3826 1331 3869 :—
1341 3781 1496 3900 {fgffisss'

285 3910 367 3975 Ecce
389 3906 527 3971 audistis
552 3903 703 3990 quamvis
725 3908 831 3966 terror
853 3901 977 3966 domini
1001 3902 1101 3989 legati
1125 3911 1212 3970 esset
1233 3914 1489 3993 superueprem.

283 4035 351 4090 nos,
367 4011 416 4075 ita
431 4008 516 4095 quod
532 4011 696 4094 potestate
711 4027 779 4082 sun,
794 4005 822 4069 si
845 4004 956 4083 vellet,
972 4004 1200 4092 multipliciter
1222 4015 1332 4094 posset
1341 3980 1478 4113 'affl

283 4138 342 4181 nos
364 4113 550 4199 deprimere,
567 4116 607 4174 nt
624 4109 763 4193 (ratione
778 4107 995 4194 indulgentiae
1010 4112 1091 4194 suae)
1109 4130 1207 4194 quem
1230 4108 1330 4177 vellet
1341 4062 1484 4167 irseaeuon

283 4218 377 4283 nobis
405 4215 558 4280 abbatem
585 4213 687 4288 daret,
713 4218 833 4290 tamen,
864 4212 1016 4297 quamvis
1043 4212 1079 4275 in
1105 4217 1197 4277 arcto
1222 4182 1496 4301 pasitiffflfflngs*

283 4317 464 4409 privilegiis
485 4316 607 4381 nostris
637 4315 720 4379 bene
750 4336 863 4378 sumus
893 4315 954 4392 nsi,
981 4335 1024 4378 ne
1050 4315 1086 4378 in
1111 4314 1223 4401 aliquo
1252 4315 1437 4381 casu⁸bb⁰2t

269 4422 324 4487 'ab
358 4443 470 4487 eorum
501 4419 699 4505 possessione
729 4418 958 4482 excideramus.
1005 4415 1093 4481 Nam
1128 4440 1194 4483 non
1228 4418 1329 4484 alium

283 4547 381 4612 quam
420 4521 616 4586 monachum
650 4520 902 4586 Evashsmensis
940 4519 1075 4605 capituli
1108 4519 1265 4607 elegimus
1294 4521 1330 4586 in

283 4627 445 4701 abbatem,
484 4625 541 4709 qui
577 4646 644 4687 non
678 4645 699 4687 n
731 4622 939 4708 wigornensi
979 4622 1129 4708 episcopo
1167 4629 1218 4687 est
1255 4644 1331 4689 con·

274 4733 433 4822 ‘finnatns
470 4727 523 4791 vel
560 4726 754 4791 benedictus
792 4747 852 4789 nee
883 4723 1073 4811 Wigorniae,
1101 4746 1160 4790 nec
1191 4725 1269 4791 fecit
1299 4726 1330 4790 ei

1173 4844 1196 4892 Β
