3270 5656
341 777 404 841 182
539 789 742 839 canonicos
765 788 926 840 suusne
949 788 996 839 nn
1018 788 1191 840 mann.

172 976 242 1029 Α·Ῑ)·
255 981 326 1027 ¹²0⁶·
341 981 494 1043 contineri,
514 986 548 1035 ut
566 979 705 1043 chrisme,
725 979 824 1033 oleum
836 984 979 1042 mmm,
999 980 1235 1035 consecrationes
1249 980 1298 1035 ulti

347 1065 544 1121 ordinationes
562 1064 736 1118 clericorum
755 1064 807 1133 qui
825 1061 862 1117 sd
884 1080 982 1118 sucroe
1007 1065 1118 1119 suerint
1140 1063 1261 1119 ordines
1285 1082 1298 1137 1

343 1149 440 1211 vendi.
461 1166 479 1203 u
498 1165 671 1219 quocunque
689 1148 848 1202 meluerint
870 1148 1007 1219 episeopo
1028 1148 1298 1203 communionem

340 1235 413 1289 tium
432 1232 599 1304 spostolicni
617 1230 695 1285 sedis
714 1230 848 1293 habente,
869 1232 975 1285 sretrcs
993 1230 1126 1301 ejusdcm
1145 1231 1205 1287 ioci
1223 1232 1298 1287 susci

339 1326 449 1373 statuto
477 1323 510 1371 ut
536 1315 744 1385 wigornenses
773 1314 903 1386 episcopi
929 1314 1044 1383 sliquid
1070 1314 1108 1369 eb
1134 1314 1180 1371 eis
1204 1314 1298 1386 iniust

339 1402 467 1471 exigunt,
496 1398 549 1453 sed
575 1398 622 1452 his
646 1404 761 1453 tentum
786 1398 914 1454 contenti
946 1404 1146 1470 pcrmsneent
1168 1416 1238 1470 quse
1269 1416 1298 1453 er

340 1502 421 1540 soree
445 1500 547 1539 corum
572 1481 806 1537 antecessoribus
825 1481 887 1536 suis
911 1488 1026 1537 constet
1049 1480 1296 1539 rationabilitati

339 1569 428 1623 disse.
476 1566 513 1621 Iu
539 1566 597 1620 fine
624 1582 694 1619 vcro
721 1565 913 1635 subjungitur
941 1564 1022 1636 quod
1052 1565 1136 1621 seire
1161 1566 1204 1621 sit
1229 1582 1298 1639 spor

339 1651 419 1707 sedis
437 1650 605 1712 autoritas.
627 1664 682 1703 nee
700 1648 809 1704 dieitur
830 1649 909 1719 quod
926 1648 1084 1705 dioecesmi
1108 1649 1242 1723 episcopi
1260 1666 1298 1707 ee

341 1736 381 1790 eit
399 1735 480 1789 suive
495 1733 630 1803 justitis3
650 1750 743 1803 qnum
760 1733 792 1787 in
804 1733 990 1789 monateriis
1007 1750 1065 1789 non
1077 1734 1224 1806 exemptis
1236 1750 1298 1789 secr

341 1817 530 1891 eppmbctsm
555 1817 688 1871 ecclesio
702 1817 840 1871 llomun·
864 1816 1107 1872 consuetudinem
1132 1816 1298 1873 dioeeesuui

341 1904 437 1975 scopis
458 1900 596 1956 canonice
610 1899 730 1970 justitie
755 1908 955 1956 conservetur.
1005 1900 1041 1955 ln
1070 1898 1270 1971 indulgentiis

341 1987 424 2039 boner
442 1984 591 2039 memorien
610 1983 771 2039 Clementis
789 1992 820 2038 ct
838 1983 980 2039 Gelestiui
1004 1991 1140 2055 petentes·
1164 1984 1298 2039 innuitur

341 2069 419 2124 idem
438 2068 602 2124 coenobium
627 2066 664 2121 ud
680 2067 916 2137 jurisdictionem
939 2067 1017 2123 besti
1043 2068 1125 2123 l‘ctri
1151 2066 1236 2123 nullo
1252 2084 1298 2141 pri

341 2153 497 2215 mediante,
530 2168 621 2221 quum
648 2152 703 2206 hoo
731 2152 761 2205 in
780 2152 923 2223 prooemio
951 2152 1166 2223 premittentes
1196 2152 1242 2207 sie
1271 2152 1298 2207 in

340 2240 553 2304 consequenter
567 2233 634 2285 =-“
647 2230 702 2285 hec
720 2231 821 2301 itaque
842 2230 955 2286 retione
968 2230 1080 2285 inducti
1100 2248 1190 2287 usum
1216 2230 1298 2287 chiro

343 2320 362 2344 “
382 2334 449 2371 rum
468 2324 498 2370 et
516 2314 626 2378 snnuli,
641 2313 815 2378 dulmeticss,
830 2314 948 2376 tunicae,
967 2313 1168 2369 eeudslioruru
1185 2322 1219 2370 ct
1234 2313 1298 2371 nie

344 2404 363 2427 ‘¹
383 2400 520 2455 duximus
546 2396 794 2453 concedendum.”
830 2398 890 2451 Per
907 2396 939 2451 id
957 2413 1030 2468 ergo
1047 2396 1127 2468 quod
1145 2396 1298 2469 premii

340 2484 431 2539 totius
449 2484 554 2537 domus
573 2490 603 2536 ct
620 2481 752 2536 ccclesia
770 2498 860 2552 penes
877 2480 1013 2537 ebbetem
1031 2480 1298 2537 solumnododecc

340 2585 520 2638 permonere,
541 2564 616 2620 illud
634 2563 813 2619 dilucidetur
838 2564 875 2619 sb
894 2564 1063 2619 Innocentio
1081 2563 1161 2634 quod
1178 2564 1298 2620 l'ueritr

340 2652 468 2705 stuntino
499 2656 651 2706 euentum.
683 2656 717 2702 ut
749 2646 889 2702 videlicet
918 2646 996 2701 idern
1027 2646 1109 2703 locus
1139 2648 1198 2703 sub
1228 2664 1298 2703 rnen

340 2733 451 2806 proprii
482 2732 595 2786 obbatis
626 2731 700 2785 liber
730 2732 846 2786 existet.
896 2729 981 2786 Unde
1011 2748 1102 2802 quum
1135 2730 1295 2803 poloniis

337 2817 428 2872 totius
450 2814 554 2868 domus
582 2821 612 2869 ct
638 2814 771 2869 ccclesia
800 2831 891 2885 penes
918 2814 1054 2870 ubbeteru
1082 2814 1269 2871 solumnodo
1292 2834 1298 2867 ι

339 2916 521 2971 permonere,
541 2906 623 2967 petet
640 2896 772 2967 proiecto
784 2897 864 2968 quod
876 2898 1032 2970 episcopus
1043 2898 1223 2969 pestoruleru
1234 2898 1279 2955 ibi
1294 2923 1298 2948 ι

337 2998 472 3037 exercerc
497 2997 555 3035 non
580 2978 676 3041 debet.
706 2996 798 3049 quum
823 2989 854 3036 et
877 2981 968 3035 ubbee
986 2980 1068 3037 illius
1093 2981 1151 3037 loci
1176 2982 1291 3053 ubsque

336 3065 485 3120 cxsctione
503 3063 582 3118 iutro
599 3079 682 3116 suern
703 3063 859 3118 ecclesium
877 3063 984 3119 debest
996 3063 1141 3128 benedici.
1158 3064 1240 3121 uude
1256 3082 1298 3121 ue

338 3149 427 3205 lessio
446 3164 499 3201 nec
518 3145 684 3201 obedientis
695 3145 782 3202 debet
793 3148 830 3202 ub
846 3146 898 3202 illu
916 3149 1038 3220 requiri.
1077 3148 1154 3217 Quis
1170 3166 1244 3205 vero
1261 3166 1298 3221 qu

336 3232 374 3287 nd
399 3231 577 3303 postorulcm
602 3228 820 3285 solicitudinem
849 3232 1027 3303 pertinentis
1049 3248 1103 3303 pcr
1126 3248 1159 3287 ee
1182 3232 1283 3305 ipsun

336 3333 470 3371 crcroere
489 3332 547 3369 non
564 3320 671 3385 potest,
691 3320 725 3368 ut
742 3314 816 3369 nihil
834 3315 862 3370 ei
886 3314 964 3370 desit
987 3314 1066 3387 quod
1083 3314 1231 3386 pertinent
1246 3314 1286 3371 ud

335 3399 467 3455 tudinem
486 3398 641 3461 liber-tetis.
661 3397 831 3453 conceditur
847 3396 892 3453 illi
911 3398 948 3451 sb
959 3398 1127 3453 Alexndro
1144 3404 1180 3455 ut
1195 3398 1298 3455 coelen?

336 3490 519 3536 recremento
543 3480 637 3535 libere
664 3481 809 3552 percipiet
832 3499 851 3535 s
875 3498 1061 3553 quocumque
1087 3480 1230 3539 moluerit
1258 3498 1298 3555 ep

335 3564 568 3620 communionem
593 3570 624 3618 et
649 3564 775 3633 pretium
794 3563 961 3636 spostolicae
988 3564 1067 3619 sedis
1093 3563 1230 3621 hebente.
1276 3564 1298 3621 1³

336 3656 434 3703 sutem
453 3646 532 3717 quod
549 3646 628 3701 idem
646 3645 728 3701 locus
746 3648 890 3703 sescritur
907 3648 944 3703 sd
959 3647 1197 3719 jurisdictionem
1213 3646 1295 3705 esse

336 3729 518 3787 solummodo
538 3729 694 3800 pertinere,
720 3730 798 3786 sicut
816 3730 949 3786 innuitur
968 3732 998 3786 in
1018 3730 1211 3801 indulgentiis
1232 3732 1298 3789 etei

336 3824 367 3870 et
384 3811 536 3876 Geleetini,
562 3811 681 3867 ridetur
699 3813 774 3868 illud
797 3814 981 3870 menifestius
1004 3812 1195 3879 deciursturn.
1213 3814 1297 3887 quod

336 3898 481 3953 stsntinns
500 3913 576 3968 pupis
592 3895 701 3951 dicitur
719 3895 817 3952 locum
841 3898 938 3969 ipsum
964 3898 1091 3954 libertati
1116 3898 1252 3965 donus.
1271 3912 1298 3957 tu

336 3980 468 4052 ejusdcm
487 3980 721 4036 Brittennisrum
740 3980 858 4053 primsti
876 3990 1016 4052 tunquam
1034 3982 1279 4039 viennenses!

336 4066 531 4120 committens.
570 4063 663 4118 Porro
678 4064 708 4117 in
729 4064 888 4135 privilegio
900 4064 1084 4120 Constentiui
1097 4062 1241 4137 quidun
1251 4082 1298 4123 ctu

336 4149 513 4221 perspicitur
527 4164 581 4219 per
599 4147 679 4218 quod
697 4146 774 4201 idem
790 4149 955 4203 coenobium
967 4146 1087 4203 videtur
1103 4146 1141 4203 ed
1154 4148 1298 4221 jurisdiet

335 4231 464 4305 episcopi
494 4232 651 4303 portinere,
679 4228 818 4286 videlicet
847 4239 881 4287 ut
906 4231 996 4287 ebbee
1025 4231 1159 4303 ejuuderu
1188 4231 1249 4291 luei
1265 4250 1298 4307 μ

335 4314 432 4370 locum
450 4323 517 4387 post
535 4313 709 4369 Wietiorurn
729 4314 887 4384 presulem
911 4331 1028 4386 semper
1050 4315 1191 4379 obtinent.
1203 4314 1286 4373 uude

335 4398 431 4453 locum
451 4398 540 4452 istum
567 4396 699 4451 obtinere
725 4414 781 4451 non
809 4399 903 4469 possit
929 4398 959 4454 in
986 4398 1118 4469 gcucruli
1142 4398 1281 4465 coneilio,

335 4481 518 4552 provinciali,
550 4481 688 4551 quonism
712 4479 854 4536 obsonum
882 4490 961 4537 essct
987 4491 1021 4538 ut
1047 4480 1138 4537 eliber
1167 4482 1298 4555 primurn

336 4563 421 4619 illurn
448 4580 537 4635 snpcr
564 4563 637 4618 elios
664 4563 815 4635 episcopos
842 4564 996 4627 resideret,
1015 4564 1196 4636 relinquitur
1218 4582 1295 4639 ergo

336 4646 432 4703 locum
460 4647 549 4702 istum
575 4647 605 4701 in
634 4647 792 4719 episcopsli
819 4648 930 4719 syuodo
956 4647 1142 4721 intelligutur
1163 4647 1276 4707 heus
