3270 5656
490 803 693 852 cnaoiucoa
717 802 875 850 sanaris
899 803 945 850 nn
969 800 1139 850 nvasnan.
1276 782 1340 855 173

289 994 375 1046 tenus
403 991 544 1047 ecclesias
571 990 627 1045 Dai
657 1007 710 1062 per
728 989 905 1044 Brittaniam
933 990 1089 1061 dispositas
1114 996 1166 1046 tua
1191 989 1285 1061 ipsius
1311 990 1423 1044 etan.
1437 996 1509 1045 1206.

289 1083 455 1131 sanctorum
474 1076 672 1147 apostolorum
691 1074 864 1130 auctoritate
891 1081 1040 1145 protegas,
1060 1092 1097 1129 na
1116 1075 1182 1145 quis
1200 1091 1340 1144 pervasor
1390 1058 1475 1124 [7¹3]

288 1160 487 1230 cujuscunque
506 1159 615 1215 ordinis
634 1176 652 1213 a
669 1157 732 1212 Deo
758 1164 788 1213 et
813 1158 896 1212 nobis
923 1159 1081 1214 constituta
1098 1157 1256 1228 privilegia
1273 1156 1340 1211 sub·

287 1249 361 1298 ruat.
400 1242 483 1298 Inter
511 1242 600 1314 quas¹
615 1260 679 1298 cam
693 1260 758 1312 quae
776 1243 945 1313 nuperrime
965 1259 982 1296 a
999 1241 1161 1297 venerabili
1179 1241 1244 1295 viro
1261 1241 1338 1310 Ecg·

287 1324 382 1381 uino²
407 1333 508 1381 nostra
534 1332 564 1381 at
590 1327 674 1396 regia
709 1326 881 1380 anctoritate
916 1327 1075 1380 constituta
1093 1331 1139 1381 cst
1156 1331 1214 1379 tum
1234 1324 1338 1378 ditioni

287 1409 451 1481 proecipua³
463 1409 675 1473 submittimus,
699 1417 732 1464 ut
750 1409 806 1464 tibi
818 1416 848 1465 ct
859 1409 985 1480 posteris
999 1410 1058 1464 tuis
1070 1415 1214 1480 potestate
1232 1407 1337 1462 divini·

287 1499 333 1550 tua
352 1511 491 1549 concessa
508 1494 544 1549 ab
563 1494 642 1548 omni
654 1510 718 1548 eam
731 1493 966 1550 adversariorum
984 1493 1204 1564 impugnatione
1215 1493 1339 1546 liberam

287 1579 316 1633 in
333 1584 508 1650 perpetuum
526 1578 641 1633 reddas.
678 1577 697 1632 J
699 1583 798 1632 ustum
816 1577 894 1632 anim
912 1578 995 1632 nobis
1014 1577 1132 1632 ridetur
1149 1583 1184 1632 ut
1202 1577 1339 1648 quoniam

287 1662 379 1716 isdem
407 1662 585 1717 venerabilis
612 1662 789 1733 Ecgwinua⁴
823 1661 988 1732 exemplum
1019 1661 1137 1715 Domini
1175 1659 1339 1729 [secutus]⁵

287 1762 317 1800 aa
349 1745 533 1800 humiliando
553 1745 627 1800 inibi
654 1744 774 1800 effectus
796 1750 842 1800 cst
867 1745 966 1809 abbas,
993 1744 1100 1799 iccirco
1124 1746 1187 1798 hoea
1206 1743 1338 1807 eeclesia,

288 1828 447 1884 secundum
464 1828 542 1900 quod
559 1847 612 1901 per
624 1828 756 1899 legatum
773 1847 860 1883 suum
877 1827 1110 1883 Etholwoldum⁰
1128 1828 1258 1899 expetiit,
1279 1845 1339 1882 am·

288 1913 409 1984 pliorem
427 1913 601 1983 dignitatem
621 1929 638 1966 a
655 1917 755 1966 nostra
773 1911 841 1966 seda
861 1912 908 1966 sui
919 1912 1025 1966 marito
1049 1911 1186 1966 obtineat.
1226 1911 1339 1967 Consti·

287 1997 396 2051 tuimur
415 2013 487 2066 ergo
505 1996 537 2050 in
554 1996 671 2050 nomina
690 1994 809 2049 Domini
833 2002 868 2051 ut
885 1995 980 2049 isdem
997 1995 1080 2049 locus
1099 1995 1153 2050 sub
1172 1996 1340 2050 monarchia

287 2080 396 2151 proprii
415 2079 528 2134 abbatis
547 2080 586 2135 sit
603 2079 679 2134 liber
698 2080 734 2133 ab
753 2079 832 2134 omni
845 2079 997 2149 tyrannica
1015 2079 1174 2142 exactione,
1188 2085 1219 2134 et
1239 2078 1339 2133 nullus

287 2164 486 2233 cujuscunque
505 2163 615 2217 ordinis
627 2162 715 2218 homo
733 2162 853 2233 aliquod
871 2180 1030 2233 gravamen
1042 2163 1083 2216 ibi
1096 2163 1204 2216 infarra
1223 2160 1337 2217 audeat.

287 2246 430 2302 Defuncto
448 2253 546 2302 autem
565 2247 677 2310 abbate,
697 2246 857 2301 secundum
876 2246 1043 2301 canonicam
1070 2246 1273 2300 auctoritatam
1291 2246 1339 2300 val

286 2329 319 2385 de
338 2331 589 2402 ipsomonastario
607 2330 654 2384 vel
666 2329 703 2384 da
721 2329 858 2401 parochia
869 2329 1045 2384 Wictiorum
1063 2328 1151 2383 abbas
1170 2328 1339 2383 asratribua

286 2414 417 2485 ejusdem
436 2414 493 2469 loci
512 2414 649 2485 eligatur,
670 2414 721 2484 qui
739 2414 771 2467 in
789 2412 890 2467 eadem
909 2412 1034 2467 ccclesia
1050 2411 1142 2465 libera
1155 2418 1185 2467 ct
1203 2412 1338 2466 canonice

287 2499 346 2553 sina
364 2498 467 2568 aliqua
492 2497 639 2552 exactione
667 2503 862 2560 consecratus,
891 2496 927 2550 ob
951 2495 1146 2550 reverentiam
1163 2495 1339 2549 venerabilis

287 2581 401 2653 ngini
429 2581 536 2636 annulo
560 2581 592 2635 in
618 2581 813 2636 celebratione
840 2580 999 2633 missarum
1019 2579 1200 2633 solummodo
1227 2584 1336 2642 utatur,

286 2667 471 2736 primumque
489 2665 585 2720 locum
604 2670 670 2735 post
681 2664 856 2719 Wictiorum
874 2662 1030 2733 praesulom
1048 2668 1148 2717 nostra
1166 2663 1338 2718 auctoritate

284 2750 394 2819 jugiter
424 2749 561 2803 obtineat.
619 2747 651 2802 Si
677 2748 742 2817 quis
767 2748 859 2817 igitur
882 2748 937 2801 hoo
960 2747 1152 2817 privilegium
1175 2747 1336 2818 infringere

287 2832 419 2896 voluerit,
440 2833 504 2887 siva
523 2833 553 2886 in
570 2830 634 2885 loco
646 2832 853 2885 monachorum
866 2830 987 2886 clericos
1000 2831 1158 2885 immittere
1168 2831 1334 2895 tentaverit,

287 2932 381 2969 coram
401 2915 464 2969 Deo
483 2921 513 2970 et
530 2914 643 2985 angelis
656 2914 729 2984 Ejus
746 2914 964 2984 inperpetuum
977 2914 1016 2970 sit
1028 2914 1188 2969 anathema.
1218 2914 1250 2969 Si
1270 2915 1336 2985 quis

287 3017 352 3054 vero
370 2999 446 3053 hanc
465 3005 593 3054 nostram
606 2998 810 3052 auctoritatem
822 2999 993 3061 servaverit,
1007 3005 1160 3052 conservet·
1178 3016 1244 3053 eum
1255 2998 1335 3053 Deus

287 3083 315 3137 in
333 3090 486 3137 [eternum.
525 3082 642 3154 Scripta
659 3088 705 3137 est
722 3081 785 3135 hmo
813 3081 937 3151 epistola
962 3099 1036 3135 anno
1056 3082 1216 3136 Dominicae
1236 3082 1334 3135 Incar-

287 3167 409 3221 uationis
420 3166 679 3237 septingentesimo
689 3165 898 3229 tertiodecimo,
909 3165 1083 3235 praesidente
1096 3165 1261 3235 apostolicae
1272 3165 1334 3219 sedi

287 3267 358 3321 papo
377 3250 567 3305 Constantino
586 3245 719 3314 ct·1⁴hoc
740 3249 858 3319 signum
877 3254 984 3304 sancta
1003 3249 1098 3304 erucis
1110 3249 1230 3318 propria
1246 3265 1334 3302 manu

288 3334 420 3389 faciente.

493 3535 728 3622 Prioilcpium
750 3536 950 3604 Iuooccutii
976 3536 1127 3604 acciiacii.
1351 3570 1420 3622 Μ),
1433 3573 1504 3625 1138,

1353 3641 1383 3686 ro
1396 3639 1478 3703 spru,

319 3677 507 3732 Innocentius
537 3677 698 3748 episcopus,
737 3696 839 3733 servus
859 3696 1011 3733 servorum
1041 3677 1107 3742 Dei,
1139 3677 1245 3733 dilecto
1275 3678 1336 3733 filio

288 3760 468 3831 Itoginaldo⁷
495 3762 593 3817 abbati
618 3762 843 3817 Eveslramensis
870 3762 1040 3817 monasterii
1068 3762 1190 3833 ejusque
1223 3781 1337 3818 atroces·

287 3845 400 3899 soribus
431 3845 567 3899 canonice
594 3844 806 3900 substituendis
835 3845 865 3899 in
893 3851 1076 3916 perpetuum.
1117 3845 1200 3900 Sicut
1227 3846 1337 3916 injusta

287 3929 471 3999 poscentibus
501 3928 600 3983 nullus
620 3935 665 3984 est
683 3929 856 3984 tribuendus
886 3930 1017 3992 effectus,
1038 3929 1080 3982 ita
1097 3928 1233 3999 legitima
1259 3929 1334 3983 desi-

287 4011 450 4066 derantium
469 4030 527 4065 non
545 4011 609 4067 est³
627 4012 788 4066 differenda
805 4013 916 4084 petitio,
956 4013 1020 4066 Hoc
1047 4012 1187 4065 nimirum
1215 4012 1333 4075 intuitu,

286 4095 389 4151 dilecte
408 4096 440 4150 in
458 4095 583 4151 Domino
601 4096 644 4150 fili
663 4095 824 4166 Reginaldc
838 4096 935 4161 abbas,
951 4095 1009 4150 tuis
1025 4094 1115 4165 justis
1134 4094 1334 4165 postulationi-

445 4266 736 4274 ..-----.--—---
753 4266 907 4274 ——-..--
916 4264 1089 4272 ---—-...—
1110 4265 1114 4269 .
1127 4265 1237 4271 --.-.—.

319 4379 323 4408 ¹
337 4380 418 4438 elisua,
432 4379 513 4427 added
526 4379 551 4426 in
565 4378 641 4442 Vesp.
655 4380 685 4427 B.
698 4377 771 4428 xxiv.
868 4374 1077 4442 ‘illicientium
1125 4377 1316 4429 Ethelwaldum.

317 4457 471 4522 ²Erywino]
487 4458 601 4521 ligurino,
636 4457 700 4507 lbid.
835 4456 897 4507 ibid

317 4537 473 4602 priapus]
487 4552 536 4584 om.
571 4534 634 4584 ruo.
813 4506 816 4567 i
869 4533 1038 4600 masnata]
1059 4535 1191 4586 uernam.
1226 4536 1290 4586 aar.

317 4618 326 4643 ⁴
341 4615 485 4680 Erqwirrua]
499 4615 629 4679 nginus.
664 4614 728 4664 lbid.
836 4614 877 4664 sol.
892 4620 922 4665 74
934 4617 957 4664 b.

317 4694 448 4758 Ἥκω]
478 4693 540 4742 lbid.
869 4693 1079 4759 ”eal]om.lbid.
