3270 5656
399 798 601 848 cusorucou
625 795 782 846 ssnsmn
807 796 853 844 nn
875 794 1043 845 nvnsnau.
1184 780 1247 844 123

206 974 293 1040 Lucae
309 970 538 1058 Evangelistae.
584 969 629 1035 Et
644 969 722 1034 illuc
738 971 950 1056 processimus
973 969 1100 1055 copiose
1115 962 1249 1032 muniti¹
1306 989 1374 1039 Ap,

204 1075 371 1154 advocatis,
396 1074 565 1161 episcopus
587 1095 664 1138 vero
687 1074 891 1159 constipatus
914 1094 981 1137 non
1013 1071 1120 1137 solum
1143 1069 1248 1135 advo·
1289 1062 1392 1105 ¹²⁰²·3·

204 1178 284 1252 catis,
299 1177 357 1242 sed
374 1177 474 1242 etiam
490 1175 556 1240 fere
579 1175 731 1240 omnibus
754 1175 912 1260 episcopis
935 1173 1037 1258 hujus
1063 1155 1398 1285 provinciaem'slgeoffetssse'

204 1285 232 1346 et
262 1279 427 1365 praecipue
453 1276 640 1342 astantibus
674 1279 705 1341 ei
737 1276 869 1352 Eliensi,
904 1280 1008 1342 tantae
1041 1274 1249 1340 auctoritatis
1262 1304 1388 1366 casecon-

205 1383 275 1456 vir0,
298 1387 334 1447 ct
369 1381 609 1445 Herefordensi.
666 1378 811 1444 Tandem
835 1385 908 1465 post
931 1379 1052 1445 multas
1085 1383 1120 1444 et
1142 1377 1249 1441 varias
1262 1356 1385 1480 ἓξὲξ

206 1483 411 1570 allegationes
440 1483 606 1568 utrimque
641 1483 832 1568 propositas,
855 1482 1116 1568 archiepiscopus
1139 1479 1251 1544 taliter
1264 1494 1294 1538 1⁹
1309 1489 1364 1538 Occ

205 1607 330 1651 exorsus
354 1591 427 1651 est:
468 1584 700 1650 “Sententiam
723 1585 864 1670 episcopi
894 1584 970 1648 licet
1002 1588 1077 1669 post
1110 1580 1251 1668 appella
1263 1591 1399 1668 (theneh-

205 1689 361 1753 “tionem
388 1688 490 1751 latam
521 1708 581 1751 nec
605 1685 869 1750 confirmabimus
906 1707 965 1749 nec
1004 1684 1250 1760 infirmabimus,
1262 1659 1351 1774 {2232}
1355 1724 1397 1774 the

238 1790 309 1855 ideo
325 1790 489 1877 praecipue
506 1790 584 1873 quia
600 1811 696 1852 causa
713 1810 772 1873 pro
788 1803 853 1873 qn'a
868 1788 935 1852 lata
950 1792 1000 1851 est
1016 1788 1186 1851 commissa
1200 1790 1251 1850 est
1263 1790 1349 1854 appear
1363 1797 1389 1840 to

207 1901 219 1926 ‘¹
236 1893 403 1978 judicibus
415 1892 572 1979 delegatis
587 1914 608 1954 a
622 1890 753 1956 domino
765 1913 856 1976 papa.
889 1889 935 1954 Et
944 1894 990 1966 tu,
1002 1891 1130 1954 domine
1141 1888 1250 1965 abbas,
1263 1858 1388 1973 ffiffiss

207 2005 219 2028 '‘
248 2016 380 2083 sequere
403 1994 513 2059 literas
539 1999 614 2057 tuas
638 1999 672 2058 et
691 1993 818 2079 judices
841 1992 946 2057 tuos.''
1000 1993 1046 2056 Et
1064 1993 1251 2057 recessimus
1265 1991 1371 2040 foretne

205 2098 386 2183 gaudentes,
412 2102 446 2162 et
469 2096 633 2183 prosecuti
665 2117 778 2159 sumus
809 2117 938 2159 causam
964 2101 1111 2159 nostram
1144 2116 1250 2159 coram
1264 2053 1419 2187 l'eaglllffind

203 2199 364 2284 judicibus
378 2199 506 2263 nostris.
554 2197 632 2262 Jam
654 2197 779 2284 pridem
796 2198 955 2274 enim‚me
973 2203 1168 2284 procurante
1183 2219 1252 2261 om·
1265 2190 1364 2305 ὓθῑῑὲῑθῑ

208 2302 299 2366 nibus
329 2301 460 2365 viribus
491 2300 572 2365 meis
593 2305 633 2364 ut
657 2301 794 2384 quaestio
817 2304 924 2364 status
955 2306 1144 2365 moveretur
1166 2301 1253 2364 inter
1264 2272 1312 2373 1⁰13
1323 2271 1382 2372 ἐξ,

208 2425 259 2469 nos
273 2410 307 2469 et
322 2404 510 2490 episcopum
526 2408 560 2467 et
577 2402 689 2466 crebro
704 2424 756 2467 me
772 2403 970 2488 praedicante
993 2403 1079 2487 quod
1102 2403 1137 2466 in
1160 2401 1253 2467 brevi
1265 2389 1374 2505 ffilssostffie

210 2511 400 2582 moveretur,
431 2505 684 2592 perquisivimus
706 2503 818 2569 literas
841 2505 966 2570 domini
990 2527 1084 2592 papae
1098 2471 1388 2573 videlicetsenrclcl.

208 2609 288 2694 quod
310 2609 481 2695 episcopus
506 2613 620 2673 contra
635 2606 807 2694 privilegia
823 2608 1045 2673 Romanorum
1061 2608 1252 2693 pontificum

209 2713 295 2776 nobis
325 2710 503 2794 injuriosus
540 2711 702 2786 einstensi,
726 2715 760 2774 et
792 2732 849 2796 per
883 2709 941 2773 has
973 2709 1086 2774 literas
1119 2709 1254 2774 fecimus

208 2814 309 2879 vocari
341 2814 527 2900 episcopum
555 2813 591 2877 in
621 2814 727 2899 prima
749 2813 801 2879 die
824 2813 893 2877 litis
916 2818 1037 2878 nostrae
1051 2817 1128 2878 ante
1152 2812 1254 2877 archi·

209 2917 387 3003 episcopum
410 2916 500 3001 apud
518 2915 726 3003 wigorniam.

212 3244 255 3310 De
273 3245 392 3330 mirso
421 3244 546 3310 'itinere
572 3244 719 3330 epascopi
742 3253 771 3310 et
793 3253 906 3312 nostro
930 3249 1078 3313 Roaiam
1102 3271 1166 3333 pro
1193 3248 1254 3313 too

675 3370 784 3414 conso.

251 3545 357 3609 Erant
380 3549 492 3607 autem
521 3543 650 3627 judices
673 3546 777 3609 nostri
800 3547 840 3609 de
869 3547 1097 3626 Malbesburia,
1121 3550 1253 3616 Abben-
1269 3573 1423 3637 'ruebishop

214 3647 305 3712 donia
333 3653 368 3711 et
399 3646 440 3710 de
462 3644 661 3731 Eignesharn
696 3646 840 3727 abbates,
872 3672 979 3715 coram
1003 3653 1122 3738 quibus
1152 3677 1253 3738 quum
1266 3641 1384 3756 {rime

214 3750 374 3836 episcopus
408 3748 604 3832 aliquotiens
638 3751 882 3835 comparuisset,
906 3755 1041 3819 tandem
1073 3757 1115 3820 ab
1147 3758 1193 3821 cis
1216 3763 1255 3822 ut
1268 3774 1391 3837 delegares

215 3851 270 3915 sibi
292 3849 451 3936 suspectis
475 3850 664 3936 appellavit,
689 3857 723 3915 et
745 3852 781 3915 in
804 3856 934 3940 propria
957 3878 1093 3942 persona
1115 3859 1256 3945 appella
1269 3840 1393 3970 ’[ᾛῙέξξκ

215 3953 330 4018 tionem
354 3957 405 4016 est
428 3957 624 4037 prosecutus,
683 3952 752 4018 Nos
776 3976 852 4019 vcro
875 3958 1023 4023 misimus
1046 3966 1160 4024 contra
1181 3983 1255 4026 eum
1270 3944 1360 4020 (imis

216 4055 371 4140 quendam
396 4054 589 4118 monachum
627 4055 852 4121 Ermcfredum
886 4061 1027 4136 nomine,
1058 4063 1168 4126 virum
1191 4063 1255 4127 dis·
1269 4037 1381 4154 lc‘ffip

217 4164 343 4233 cretum,
370 4157 453 4220 bene
484 4157 651 4221 literatum
687 4163 720 4222 et
753 4160 916 4245 optimum
940 4164 1114 4239 notarium,
1141 4165 1198 4250 qui
1221 4166 1256 4228 in
1270 4187 1309 4233 qu.
1322 4170 1355 4220 vi.

218 4261 294 4324 curia
322 4260 472 4324 Romana
494 4260 578 4323 diem
604 4258 721 4325 clausit
744 4267 937 4339 extremum,
952 4270 987 4328 et
1009 4267 1170 4349 quendam
1186 4290 1257 4331 cur·
1270 4253 1323 4300 ΜΡ·
1340 4238 1393 4304 ω’]

220 4385 313 4427 sorem
352 4362 570 4427 collateralem
605 4363 736 4427 abbatis
771 4366 826 4449 qui
861 4366 1030 4430 literarum
1071 4375 1256 4434 nostrarum

221 4468 350 4548 portitor
365 4465 439 4542 fnit,
456 4466 512 4549 qui
536 4464 686 4528 similiter
709 4473 822 4552 postea
846 4469 972 4533 rediens
995 4494 1014 4534 a
1037 4473 1126 4535 curia
1148 4473 1257 4538 labore

952 4665 1196 4676 ..-...-..—,-....‚,
1222 4672 1242 4675 .-

591 4780 596 4808 ¹
610 4781 707 4846 matriti]
722 4781 818 4837 minuti.
832 4781 886 4832 MS.
