3270 5656
435 796 638 846 cnaomcon
660 795 816 844 annana
838 797 885 844 na
908 794 1078 846 avusnnn.
1226 782 1288 846 195
1310 828 1313 832 -

232 986 366 1045 teretur.
406 980 565 1067 Magnum
581 1002 658 1067 ergo
674 979 854 1066 pericnlum
869 988 920 1044 est
935 980 965 1044 ei
981 979 1115 1043 solvere.
1156 977 1244 1042 Nam
1259 977 1288 1042 si
1300 989 1370 1043 ΑΛ).
1384 997 1454 1044 rsoo.

232 1082 263 1146 ei
278 1083 413 1148 deberet
433 1084 504 1147 fieri
532 1083 662 1162 solutio,
686 1084 729 1147 ad
750 1083 948 1148 solutionem
973 1081 1156 1147 faciendam
1181 1081 1286 1146 eidem

232 1190 431 1272 competeret
442 1186 573 1251 ooercio.
612 1185 719 1265 Quam
735 1187 763 1250 si
778 1186 922 1264 haberet,
936 1189 1064 1250 constat
1075 1184 1288 1271 parochianos

232 1294 361 1353 nostros
376 1310 441 1353 non
460 1310 528 1353 esse
554 1288 651 1375 plene
678 1294 857 1375 exemptos,
874 1310 976 1374 quum
993 1288 1160 1373 episcopus
1178 1293 1288 1373 posset

231 1410 285 1453 eos
306 1391 588 1455 excommunicare
611 1396 646 1455 et
668 1392 768 1455 etiam
791 1391 827 1454 in
850 1390 991 1456 solidum
1014 1396 1143 1476 cogeret
1166 1411 1220 1453 eos
1243 1389 1286 1453 ad

230 1491 428 1559 solutionem
462 1493 637 1558 eorundem
672 1493 882 1558 denariorum
913 1514 1016 1578 usque
1049 1492 1092 1556 ad
1126 1513 1287 1556 summam

230 1600 364 1659 oeutum
385 1594 564 1660 solidorum
590 1595 644 1660 vel
669 1596 818 1682 amplius,
835 1600 931 1660 nacta
950 1588 1167 1680 qualicunque
1190 1616 1288 1658 causa

232 1702 272 1761 ut
308 1720 369 1762 nos
392 1707 555 1785 gravmet,
580 1721 640 1764 nec
664 1704 774 1785 posset
798 1698 916 1784 aliquis
949 1699 978 1761 ci
1010 1697 1159 1762 resistere
1185 1718 1287 1782 quum

230 1799 299 1884 ipse
322 1822 409 1887 papa
439 1802 482 1866 ad
514 1802 575 1866 hoe
608 1802 738 1865 nitatur
773 1824 884 1866 ornnes
918 1800 1118 1886 compellere.
1179 1799 1224 1863 Et
1259 1800 1286 1863 si

229 1906 363 1966 tantum
385 1904 508 1990 viginti
539 1905 660 1969 solidos
683 1911 799 1969 contra
820 1926 879 1968 nos
909 1903 1082 1980 obtineret,
1105 1901 1286 1988 perieulum

229 2005 325 2069 nobis
340 2006 528 2071 immineret
550 2028 592 2071 ne
615 2012 685 2071 tam
709 2007 841 2072 domino
858 2028 950 2093 papea
967 2027 1064 2092 quam
1088 2005 1137 2068 illi
1160 2003 1286 2070 solvero

229 2128 420 2193 cogeremur
441 2109 580 2173 eosdem.
640 2108 686 2172 Et
709 2108 809 2194 quia¹
834 2109 904 2174 brec
926 2108 1014 2172 mala
1036 2113 1071 2173 ot
1093 2108 1199 2173 multa
1220 2108 1287 2171 alia

228 2212 437 2297 contigerant
459 2234 517 2298 per
539 2212 671 2276 clericos
686 2212 833 2291 decanos,
859 2216 893 2275 et
916 2212 994 2295 quia
1020 2211 1175 2275 timentes
1196 2232 1286 2296 mag-

228 2318 324 2377 nates
356 2319 452 2379 terne
485 2334 553 2379 non
587 2314 809 2380 defendebant
840 2314 1055 2400 possessiones
1087 2320 1215 2378 nostras
1252 2319 1287 2377 et

230 2414 379 2482 homines
411 2423 551 2498 nostros,
586 2439 646 2482 nee
680 2417 716 2481 in
757 2415 981 2482 malefactores
1012 2421 1153 2492 nostros,
1187 2421 1286 2501 prout

229 2518 353 2583 decano
376 2520 548 2599 incumbit,
563 2540 621 2605 per
644 2541 815 2585 censuram
831 2519 1080 2584 ecclesiasticam
1096 2518 1168 2582 ausi
1191 2528 1286 2582 erant

226 2620 497 2701 animadvertere,
519 2622 621 2686 immo
644 2621 792 2687 homines
816 2627 947 2687 nostros
962 2621 1095 2705 quando
1117 2620 1286 2685 habebant

228 2745 335 2788 coram
359 2725 406 2790 eis
428 2746 541 2789 causas
563 2726 669 2812 magis
691 2725 879 2811 spoliabant
901 2746 964 2801 eos,
988 2723 1156 2788 inhiantes
1186 2721 1285 2787 lucris

230 2827 473 2913 temporalibus,
495 2833 528 2893 et
560 2850 670 2893 curam
704 2829 891 2892 animarum
926 2827 962 2890 in
994 2825 1177 2913 perieulum
1210 2847 1284 2890 nos-

228 2934 355 2994 trarum
378 2931 562 2995 animarum
587 2931 870 3017 parvipendebant
886 2932 977 3014 (nam
1000 2930 1078 2995 facti
1100 2927 1205 2993 securi
1228 2950 1286 3014 per

228 3039 351 3097 cartam
393 3034 535 3099 ecelesia
566 3056 633 3098 non
666 3039 820 3119 poterant
852 3034 1007 3112 amoveri,
1042 3039 1077 3097 ot
1112 3032 1185 3103 ideo
1216 3053 1281 3095 non

228 3134 391 3200 timelmnt
412 3138 495 3223 nos),
530 3142 564 3202 et
594 3137 672 3222 quia
694 3137 822 3201 onerosi
850 3142 946 3200 erant
973 3134 1114 3200 ecelesias
1137 3157 1194 3219 por
1216 3156 1283 3198 om-

229 3238 291 3316 nia,
327 3239 415 3303 sicut
450 3239 655 3304 senescaldus
693 3239 728 3302 in
768 3239 971 3323 quotidianis
998 3236 1282 3323 procurationibus

228 3339 398 3404 hominum
423 3346 457 3406 et
489 3342 877 3427 equorum-provisum
911 3344 1018 3405 estet
1052 3342 1216 3403 statutum
1243 3343 1404 3401 utltire-

229 3443 378 3507 monaehi
394 3444 463 3508 sint
478 3444 602 3520 decani,
617 3444 704 3508 sicut
727 3445 793 3507 fuit
816 3443 906 3529 prior
929 3442 1067 3507 Avicius
1089 3448 1124 3506 et
1148 3439 1281 3526 quidam
1294 3417 1446 3535 ffifflm

227 3543 282 3607 alii
315 3545 468 3609 monachi
491 3551 567 3631 post
589 3568 673 3622 eum,
697 3546 754 3631 qui
778 3546 822 3610 ad
844 3545 1054 3609 voluntatem
1092 3543 1223 3608 abbatis
1246 3548 1280 3608 et
1294 3552 1336 3602 the
1348 3554 1425 3602 denno

227 3653 408 3711 conventus
431 3647 459 3711 si
482 3647 568 3712 male
590 3650 718 3734 egerint
741 3648 794 3712 vel
825 3648 944 3733 tepide,
967 3648 1096 3734 possint
1125 3619 1429 3736 a1110veri‚{¹‡ff,¹{,¹,¹,‘,’‡,

228 3752 262 3811 et
292 3750 352 3833 qui
385 3771 424 3813 ea
455 3772 529 3836 ques
563 3752 739 3836 acquirunt
770 3749 912 3816 ecelesiae
943 3752 1125 3837 acquirant,
1156 3754 1190 3814 et
1222 3750 1279 3834 qui
1292 3753 1388 3816 priests,
1402 3754 1448 3803 but

228 3850 381 3916 audacter
403 3852 438 3915 in
454 3852 678 3918 malefactores
700 3853 847 3919 ecclesias
870 3854 1144 3927 animadvertant,
1160 3856 1194 3916 et
1221 3852 1278 3936 qui
1291 3822 1451 3950 pqqrqqebresyqf

231 3972 293 4015 non
315 3954 383 4017 sint
407 3955 513 4041 magis
529 3957 621 4020 oneri
648 3954 790 4021 ecclesiae
814 3977 912 4041 quam
935 3955 1076 4040 simplex
1099 3952 1432 4017 monaohusremovable

231 4060 345 4137 praeter
368 4058 631 4141 procurationem
654 4060 849 4144 apparitoris
879 4059 937 4123 sui.
991 4057 1037 4120 Et
1059 4055 1202 4118 maxime
1225 4055 1277 4118 his
1290 4020 1444 4081 atpleesure,

235 4154 342 4221 diebus
380 4179 510 4223 necesso
544 4167 594 4225 est
626 4167 665 4225 ut
697 4161 851 4225 monachi
886 4162 954 4224 sint
988 4157 1112 4234 decani,
1136 4157 1214 4241 quia
1248 4156 1277 4219 si

236 4256 328 4324 abbas
341 4260 540 4327 discessisset
562 4263 626 4327 nisi
649 4264 828 4328 monachus
849 4268 934 4329 esset
954 4263 1095 4327 decanus
1110 4282 1177 4325 non
1193 4264 1277 4324 esset

240 4358 343 4445 aliquis
366 4365 424 4448 qui
447 4365 615 4429 ministros
638 4368 724 4452 regis
747 4389 846 4431 ausus
878 4371 964 4431 esset
987 4363 1276 4439 excommunicare,

254 4512 497 4525 ———-—-..-—
508 4520 716 4527 ---..-.---.-
740 4522 768 4527 -.
777 4521 820 4527 —-

268 4572 307 4625 ld
328 4580 475 4629 tanslation
494 4582 571 4644 (fl'om
596 4582 671 4645 Vesp.
693 4583 723 4630 B.
778 4584 828 4632 end
850 4583 881 4630 of
899 4583 949 4631 this
966 4582 1069 4639 section,
1092 4582 1119 4631 in
1142 4582 1278 4632 somewhnt

247 4651 301 4703 xxiv.
315 4660 362 4722 13),
374 4661 404 4708 of
412 4660 454 4709 the
466 4670 563 4724 greater
574 4669 629 4725 part
639 4662 670 4710 of
682 4660 725 4710 the
779 4663 895 4712 different
903 4665 982 4721 order,
990 4663 1118 4726 inprinted
1127 4663 1152 4712 in
1162 4663 1277 4712 Tindsl's

248 4741 330 4799 leuge
338 4741 477 4804 extending
486 4742 551 4791 from
560 4742 672 4791 heneoto
683 4742 726 4791 the
780 4741 886 4807 llistory
897 4744 928 4791 of
941 4742 1075 4804 Essem,
1087 4759 1127 4807 pp.
1143 4748 1197 4801 leo,
1211 4748 1265 4793 191.

1074 4827 1142 4888 ΝΞ
