3270 5656
414 817 617 868 cunorrcon
638 815 796 870 assarna
819 819 866 869 us
890 820 1059 871 rvsssan.
1212 804 1254 878 17

249 994 350 1060 Nunc
372 999 484 1060 autem
505 994 675 1060 redeamus
697 994 739 1059 ed
762 1017 800 1059 ea
822 1000 960 1080 queant
982 997 1062 1062 vitae
1085 994 1256 1062 historiam

208 1099 352 1165 seriatim
377 1103 570 1175 texeremus,
596 1099 630 1162 in
660 1098 732 1163 vita
762 1099 866 1162 sancti
889 1097 1040 1184 Ecgwini
1064 1100 1255 1166 interserere

207 1202 479 1289 praetermisimus.
541 1200 635 1266 Nulli
673 1201 760 1265 enim
796 1222 942 1285 unquam
981 1223 1145 1267 sacrorum
1176 1203 1256 1289 dog·

207 1309 329 1371 matum
345 1304 495 1391 scriptori
517 1304 690 1390 contigisse
720 1303 866 1389 legimus,
896 1309 970 1368 tum
1001 1305 1042 1368 ob
1072 1305 1123 1369 sui
1153 1306 1256 1391 ipsius

207 1406 478 1483 insufficientiam,
495 1412 567 1471 tum
582 1404 623 1470 ob
640 1406 686 1470 rei
702 1406 881 1471 scribendae
896 1406 1165 1485 ineffabilitatem,
1182 1414 1255 1473 tum

208 1510 249 1575 ob
270 1510 430 1575 lectorum
458 1508 635 1585 fastidium,
652 1506 755 1592 quin¹
782 1508 893 1593 aliqua
916 1509 1072 1574 memoria
1096 1511 1196 1596 digna
1218 1512 1254 1575 in

208 1614 272 1677 suis
296 1612 426 1698 scriptis
455 1612 593 1676 inserere
623 1611 775 1675 omiserit.
822 1610 921 1676 Unde
947 1612 1062 1677 beatus
1086 1612 1254 1679 Johanncs
1271 1623 1306 1675 St.
1319 1624 1389 1678 John

208 1715 431 1801 Evangelista,
454 1713 562 1778 Multa
584 1714 649 1777 alia
670 1714 765 1799 signa
794 1713 872 1779 feeit
894 1713 992 1779 Jesus
1014 1716 1049 1779 in
1081 1721 1253 1801 conspectu
1267 1708 1312 1743 ¹¹·
1327 1697 1366 1745 ³⁰·

208 1818 438 1904 ‹liseipulorum
461 1838 594 1881 suorum
610 1837 683 1901 quae
706 1837 774 1880 non
789 1821 869 1881 sunt
892 1817 1014 1904 scripta
1028 1819 1064 1883 in
1079 1818 1163 1883 libro
1186 1818 1253 1884 hoe.

208 1920 260 1985 Sic
282 1927 317 1985 et
339 1941 399 1984 nos
422 1941 524 2005 quum
555 1918 683 1983 caritati
707 1923 826 1984 vestrae
849 1920 953 1984 vitam
977 1921 1081 1984 sancti
1105 1920 1253 2006 Ecgwini

206 2024 424 2098 scriberemus,
451 2043 492 2085 ne
522 2020 697 2085 fastidiosis
720 2021 894 2086 lectoribus
920 2023 1057 2088 taedium
1083 2030 1254 2111 generaret

208 2127 385 2214 prolixitas,
408 2125 516 2189 multa
542 2124 709 2189 omisimus
734 2146 808 2210 quse
838 2123 890 2189 hic
921 2124 998 2191 stilo
1029 2127 1252 2193 commendare

144 2296 149 2305 ,
209 2232 343 2317 dignum
385 2227 549 2306 duximus,
594 2247 734 2312 quorum
776 2227 928 2312 quaedam
968 2220 1004 2292 in
1043 2229 1113 2313 ejus
1162 2251 1252 2294 saera

208 2331 417 2419 depositione,
443 2329 592 2414 quaedam
622 2351 700 2394 vero
724 2334 857 2394 tantum
887 2329 923 2393 in
948 2330 1018 2415 ejus
1048 2331 1254 2396 sanctissima

209 2434 421 2500 translatione
451 2439 528 2497 sunt
558 2432 701 2518 legenda.
763 2431 809 2496 Et
835 2432 978 2518 primum
1009 2439 1133 2497 cartam
1164 2432 1253 2498 beati

210 2537 355 2625 Ecgwini
385 2536 563 2600 scribamus
594 2557 692 2621 quam
715 2539 790 2620 post
829 2534 1068 2599 dedicationem
1111 2534 1253 2600 ecclesias

209 2638 456 2706 Eveshamensis
493 2637 639 2702 dictavit.
697 2636 796 2702 Unde
826 2636 935 2723 pluros
964 2637 1000 2701 in
1028 2660 1067 2702 ea
1095 2638 1254 2702 denotan-

209 2748 262 2809 tur
294 2742 509 2829 possessiones
544 2762 642 2826 quam
683 2741 719 2803 in
761 2739 818 2803 illa
857 2761 930 2824 quae
962 2738 1076 2806 Romae
1106 2739 1253 2806 confecta

209 2854 277 2911 erat
306 2843 359 2909 vel
390 2844 425 2907 in
455 2843 511 2907 illa
540 2864 639 2928 quam
671 2841 892 2906 Brithwaldus
923 2842 1072 2921 dictavit,
1103 2842 1169 2908 illae
1203 2844 1253 2907 vi-

210 2949 322 3014 delieet
353 2969 433 3033 quas
470 2946 585 3010 beatus
616 2945 669 3008 vir
706 2944 813 3008 medio
844 2949 990 3031 tempore
1021 2946 1109 3010 inter
1148 2951 1252 3011 carta-

210 3074 277 3115 rum
320 3049 556 3115 confectionem
594 3048 784 3134 adquisivit.
846 3047 970 3112 Multas
1009 3049 1097 3114 enim
1138 3057 1251 3135 postea

209 3153 320 3219 beatus
351 3152 526 3238 Ecgwinus
550 3150 689 3216 ecclesiae
715 3149 947 3251 Eveshaprcnsi
974 3151 1155 3237 adquisivit
1180 3173 1252 3238 pos-

210 3257 369 3332 sessiones,
393 3277 467 3340 quae
491 3275 601 3318 onmes
631 3251 692 3317 sub
716 3253 828 3317 eadem
852 3252 1015 3317 libertatis
1038 3253 1140 3318 sonna
1160 3276 1182 3317 a
1205 3276 1253 3318 re-

210 3359 301 3444 gibus
340 3358 445 3422 eidem
487 3356 628 3422 ecolesiae
658 3360 737 3419 sunt
771 3355 899 3420 collatae
929 3355 989 3419 snb
1028 3377 1094 3441 qua
1122 3360 1156 3419 et
1187 3356 1253 3420 illae

212 3484 287 3546 quas
302 3460 414 3525 &mae
437 3460 557 3526 fecerat
572 3458 768 3524 confirmare.
815 3457 876 3522 Est
899 3463 1010 3524 autem
1035 3458 1138 3524 forma
1152 3463 1250 3524 cartae

210 3563 401 3649 hujusmodi.

491 3776 578 3831 (laria
595 3777 679 3831 Beati
696 3776 811 3848 Epir-ini
827 3776 970 3848 Episcopi.

245 3911 279 3965 In
301 3911 416 3965 nomine
441 3908 557 3963 Domini
578 3909 669 3963 nostri
695 3908 853 3964 Salvatoris
873 3909 992 3964 Christi.
1031 3909 1095 3980 Ego
1114 3909 1253 3980 nginua
1266 3918 1379 3985 ngin's

213 3994 380 4050 wictiorum
411 3994 530 4048 humilis
558 3994 709 4065 episcopus
734 3994 800 4048 volo
823 3994 1009 4048 manifestare
1034 3993 1065 4046 in
1093 3993 1149 4047 ist-a
1174 3998 1253 4046 carta
1267 3986 1413 4037 f⁰1111d⁸ti⁰11

214 4080 333 4149 qualiter
357 4097 413 4149 ogo
431 4078 557 4149 primum
581 4095 632 4149 per
653 4077 750 4131 Sancti
777 4076 903 4147 Spiritus
923 4077 1140 4147 inspirationem
1164 4077 1253 4129 istum
1266 4053 1371 4168 ffel·

214 4163 303 4217 locum
328 4163 405 4233 clegi
425 4170 454 4216 ct
477 4161 684 4216 monasterium
709 4160 849 4216 aedificari
875 4161 906 4214 in
930 4160 1064 4223 Hammo,
1091 4160 1120 4213 in
1146 4159 1253 4213 honoro
1295 4157 1300 4169 '
1329 4126 1403 4170 ’Μ’

214 4246 419 4319 Omnipotcntis
439 4246 493 4299 Dci
514 4252 542 4300 at
561 4251 665 4301 saneto
683 4245 785 4298 Mariae
804 4243 947 4315 Virginis.
986 4242 1117 4313 Contigit
1129 4242 1253 4313 quodam

214 4342 346 4404 ternpore,
367 4337 401 4385 ut
418 4348 473 4401 ego
491 4330 619 4383 breviter
637 4329 684 4383 hic
696 4346 791 4392 narro,
813 4327 889 4399 quod
902 4345 957 4399 ogo
970 4345 1045 4398 saepe
1059 4328 1088 4381 in
1106 4326 1253 4381 laboribus

214 4416 366 4471 multarum
386 4415 529 4469 visionum
548 4413 652 4468 ductus
672 4413 722 4466 lui.
762 4411 825 4480 Qua
843 4412 878 4466 de
897 4430 929 4466 re
948 4411 1103 4466 arsitmihi
1116 4411 1254 4465 inanimo

216 4516 263 4568 per
294 4499 392 4555 Sancti
425 4496 551 4568 Spiritus
588 4497 816 4567 inspirationem,
848 4495 925 4568 quod
958 4512 1022 4566 ega,
1055 4496 1079 4549 si
1112 4495 1253 4549 Dominus

550 4662 1161 4672 -.-.—.——·—-——--—-—.-.--
1168 4662 1252 4670 ---..

587 4778 594 4808 ¹
607 4777 679 4843 quin]
694 4792 753 4843 qun,
765 4776 824 4831 MS.
