3270 5656
491 799 693 849 cnaourcou
714 797 874 847 sasima
896 798 944 846 na
966 797 1136 846 svesaim
1273 781 1338 844 223

293 1008 475 1050 marcarum
504 985 634 1072 argenti
663 984 844 1070 petitarum
874 983 1007 1047 nomine
1034 1003 1250 1068 expensarum
1276 983 1341 1048 fac·
1355 996 1423 1047 Aa).
1437 999 1507 1046 mor.

292 1095 403 1152 tarum
418 1088 454 1151 in
472 1087 599 1172 judicio
621 1086 776 1172 petitorio
798 1106 897 1171 super
920 1085 1128 1170 exemptione
1149 1086 1341 1150 monasterii
1353 1082 1510 1198 immi

291 1191 398 1254 nostri
427 1190 464 1253 in
491 1211 556 1274 quo
583 1187 795 1264 obtinuimus,
820 1185 899 1271 quia
924 1186 960 1249 in
985 1185 1114 1270 judicio
1143 1189 1340 1273 possessorio
1352 1163 1422 1265 122,st
1432 1162 1512 1264 ofni}

290 1292 414 1355 fuimus
440 1290 583 1354 victores
609 1288 717 1375 quoad
743 1287 863 1351 vallem
889 1287 947 1351 sed
971 1287 1052 1351 victi
1078 1288 1186 1373 quoad
1211 1282 1457 1354 monas-dimit

291 1393 423 1470 terium,
447 1393 617 1480 episcopus
636 1413 716 1455 vero
736 1412 754 1454 e
776 1390 950 1466 contrario,
976 1394 1010 1454 et
1043 1391 1117 1455 ideo
1146 1397 1264 1457 neuter
1298 1394 1341 1457 ab
1393 1479 1396 1482 A

290 1495 356 1559 alio
378 1495 489 1581 potuit
519 1500 629 1580 petere
653 1512 822 1579 expensas.
874 1490 1075 1556 Debcremus
1097 1493 1200 1557 etiam
1221 1516 1341 1559 renun-
1384 1540 1394 1550 ⁶

291 1597 377 1662 tiare
413 1595 590 1682 quaestioni
628 1594 669 1659 de
709 1593 941 1680 jurisdictione
978 1616 1097 1658 novem
1136 1595 1342 1661 ecelesiarum

290 1707 388 1765 extra
417 1699 546 1776 vallem,
578 1718 660 1784 quas
690 1696 832 1761 dicimus
862 1717 931 1760 esse
969 1695 1051 1760 sitas
1084 1696 1169 1762 siout
1193 1699 1341 1764 ecclesias

289 1803 388 1868 vallis
417 1804 453 1867 in
490 1801 561 1866 loco
598 1821 697 1886 quem
735 1820 882 1863 summus
919 1798 1070 1885 pontifex
1104 1799 1343 1866 Constantinus

289 1905 441 1970 libertati
472 1902 618 1981 donavit,
648 1903 736 1966 sicut
765 1901 856 1987 regia
893 1905 1039 1988 potestas
1063 1902 1163 1988 regiis
1192 1903 1341 1968 libertati

288 2008 439 2087 donavit,
479 2006 547 2072 loco
577 2003 733 2069 videlicet
770 2003 860 2089 large
899 2009 1031 2089 accepto
1061 2010 1101 2068 ut
1130 2011 1229 2091 caput
1267 2029 1341 2070 cum

289 2108 447 2174 membris
484 2106 728 2193 complectatur,
768 2111 803 2169 et
840 2105 929 2190 quod
964 2105 1014 2169 ita
1046 2106 1191 2194 intelligi
1222 2106 1343 2174 debeat

288 2232 443 2299 expresse
472 2209 661 2275 continetur
694 2208 731 2271 in
767 2206 942 2294 privilegio
980 2207 1169 2273 Innocentii
1207 2209 1342 2276 secundi

288 2313 494 2379 ubidicitur
523 2311 611 2398 quod
641 2309 815 2397 pastoralis
838 2332 917 2375 cura
939 2310 1045 2376 totius
1068 2310 1185 2376 domus
1207 2317 1242 2376 et
1264 2314 1344 2377 alio-

287 2437 365 2479 rum
387 2414 532 2480 locorum
557 2413 601 2478 ad
624 2411 763 2477 eandem
787 2412 955 2477 ecclesiam
977 2413 1218 2499 pertinentium
1240 2436 1341 2501 penes

286 2516 444 2582 abbatem
474 2519 686 2603 permaneat3
717 2513 814 2578 etin
847 2513 979 2600 signum
1008 2513 1175 2579 libertatis
1208 2516 1342 2601 quibus·

288 2620 369 2684 dam
404 2641 516 2686 earum
546 2617 744 2683 conferimus
786 2616 928 2680 chrisma
969 2620 1004 2680 et
1043 2616 1161 2698 oleum,
1201 2617 1237 2681 in
1271 2619 1343 2705 qui-

288 2720 432 2785 busdam
455 2742 533 2785 vero
556 2719 740 2806 colligimus
763 2716 915 2782 denarios
938 2718 1028 2783 beati
1051 2717 1164 2798 Petri;
1187 2726 1223 2785 et
1245 2742 1344 2808 super

289 2823 345 2887 his
381 2822 509 2887 duabus
543 2821 783 2908 quaestionibus
816 2820 1024 2884 obtinuimus
1066 2821 1179 2886 literas
1217 2822 1343 2888 domini

288 2947 388 3011 papae
410 2922 544 3010 quando
575 2923 700 2986 fuimus
729 2923 766 2985 in
788 2922 934 3008 generali
956 2921 1114 2988 concilio¹
1141 2922 1344 2990 Debcremus

288 3028 425 3112 insuper
447 3026 525 3089 darc
557 3025 587 3089 ei
621 3024 794 3089 baroniam
828 3030 975 3089 nostram
1005 3026 1042 3088 in
1065 3025 1236 3111 Wigomia
1269 3049 1343 3092 cum

288 3127 427 3192 ecclesia
449 3127 554 3191 sancti
579 3126 702 3189 Albani
725 3134 760 3190 et
790 3126 914 3212 capella
936 3134 1058 3192 sanotae
1082 3128 1286 3215 Margaretae‚
1310 3133 1345 3193 ct

289 3231 327 3292 in
367 3229 584 3293 Kinwertone
618 3228 672 3293 vel
710 3227 868 3293 Westone
903 3228 954 3293 vel
987 3228 1068 3293 alias
1106 3237 1203 3294 extra
1240 3231 1343 3294 domi-

289 3331 382 3395 nicas
420 3331 517 3395 villas
552 3335 680 3395 nostras
714 3330 964 3395 advocationem
998 3331 1140 3396 ecclesiae
1170 3332 1223 3396 vel
1246 3332 1342 3396 eccle-

288 3433 414 3497 siarum
437 3434 604 3497 valentem
635 3433 758 3518 viginti
792 3454 925 3497 marcas.
983 3432 1164 3520 Episcopus
1187 3455 1265 3499 vero
1289 3435 1343 3499 dc-

289 3535 366 3599 buit
408 3535 597 3600 renuntiare
640 3534 731 3599 omni
769 3533 945 3620 quaestioni
983 3557 1081 3621 super
1113 3536 1343 3621 jurisdictione

288 3637 396 3713 vallis,
419 3642 453 3701 et
475 3637 649 3701 concedere
672 3636 768 3701 nobis
791 3637 940 3702 ecclesias
963 3636 1003 3702 de
1026 3638 1231 3704 Ambresleia
1253 3641 1343 3706 etde

291 3738 408 3803 Stowa
430 3739 466 3803 in
488 3739 637 3825 proprios
660 3761 739 3802 usus
762 3739 803 3804 de
834 3740 953 3824 quibus
975 3740 1135 3806 habemus
1169 3742 1343 3828 indulgen-

288 3841 355 3904 tias
392 3839 518 3904 domini
555 3862 658 3927 papas,
691 3840 780 3926 quod
814 3841 864 3905 ita
901 3842 968 3906 sint
1003 3842 1081 3907 licet
1118 3844 1203 3908 forte
1234 3845 1344 3908 minus

288 3942 360 4005 sint
383 3941 589 4019 sufficientes,
621 3943 713 4006 salva
743 3943 773 4007 ei
796 3942 832 4006 in
859 3943 981 4007 eisdem
1004 3945 1095 4008 omni
1112 3945 1344 4030 jurisdictione

289 4044 475 4130 episcopali,
515 4050 549 4109 et
571 4044 688 4108 debuit
719 4045 893 4109 concedere
928 4046 1016 4131 quod
1046 4045 1230 4111 Willerscia
1259 4052 1344 4112 esset

288 4147 426 4210 omnino
449 4146 558 4223 libera,
582 4147 670 4211 sicut
692 4147 835 4212 ecclesias
857 4147 961 4212 vallis.

302 4349 758 4358 ——---—-——--—-—-—..
767 4353 771 4357 .
1003 4352 1341 4362 ———

645 4480 650 4509 ¹
664 4479 778 4546 concilio]
792 4480 908 4541 consilio,
920 4480 976 4531 MS.
