3264 5662
441 800 645 850 ossosrcos
667 798 824 849 sumna
846 799 894 848 ns
916 799 1089 849 urnam
1225 785 1288 855 179

237 1003 354 1058 quoque
367 1004 455 1042 nsum
467 988 711 1052 chirothecarum,
723 986 896 1053 dalmaticas,
906 988 1023 1053 tunicae,
1038 992 1069 1043 et
1080 987 1287 1051 sanduliorum,
1301 985 1369 1039 Μ).
1384 992 1456 1041 lsos.

236 1088 290 1126 nec
316 1089 375 1126 non
399 1077 429 1126 et
452 1072 629 1127 vestimenta
653 1071 846 1127 sacerdotalia
869 1070 1070 1136 benedicendi,
1090 1070 1127 1124 de
1151 1075 1291 1126 consueta
1326 1053 1429 1122 [1192]

235 1153 393 1210 clementis
410 1161 440 1210 et
458 1157 494 1211 de
519 1156 700 1226 benignitate
727 1156 806 1211 sedis
833 1156 1001 1226 apostolicae
1027 1155 1164 1210 duximus
1188 1171 1290 1210 conce·

234 1237 381 1305 dendum;
408 1240 595 1310 indulgentes
621 1246 657 1294 ut
682 1240 729 1294 his
754 1239 889 1294 omnibus
917 1240 949 1293 iu
976 1239 1155 1294 solemnibus
1185 1238 1288 1294 diebus

234 1322 312 1376 infra
330 1323 542 1378 monasterium
565 1321 716 1378 vestrum¹
738 1328 769 1377 et
792 1322 972 1377 obedientias
998 1323 1072 1392 ejus,
1094 1323 1125 1376 in
1143 1323 1287 1394 processi-

233 1405 339 1460 onibus
370 1424 486 1478 quoque
513 1407 605 1478 ipsius
630 1407 810 1470 monasterii,
840 1406 871 1460 in
897 1406 1029 1461 conciliis
1053 1405 1177 1460 Romani
1196 1406 1289 1476 ponti·

235 1489 298 1543 licis
317 1496 348 1544 et
366 1489 457 1561 legati
476 1491 550 1560 ejus,
571 1497 659 1562 atque
677 1492 709 1544 in
727 1489 846 1561 synodis
865 1491 1068 1562 episcoporum
1087 1491 1289 1545 incunctanter

234 1574 379 1639 utamini;
400 1575 556 1629 statuentis
568 1580 603 1628 ut
613 1574 689 1629 nulli
708 1575 826 1628 omnino
843 1574 995 1628 hominum
1013 1574 1101 1630 liceat
1119 1574 1194 1627 hanc
1206 1573 1288 1643 pagi·

234 1673 302 1711 nam
314 1664 423 1713 nouum
441 1659 638 1713 concessionis
657 1658 820 1729 infringere
831 1658 879 1712 vel
892 1659 921 1712 ei
933 1658 1117 1729 aliquetenus
1130 1658 1285 1712 contraire.

235 1739 270 1795 Si
299 1741 367 1812 quis
397 1748 496 1797 autem
521 1742 577 1796 hoo
608 1747 752 1796 attentare
782 1743 1014 1813 presumpserit,
1053 1741 1287 1813 indignationem

234 1825 442 1896 omnipotentis
462 1824 518 1879 Dei
537 1831 565 1881 et
582 1824 735 1880 beatorum
753 1824 836 1879 Petri
855 1831 885 1879 et
902 1824 988 1879 Pauli
1002 1825 1201 1896 apostolorum
1213 1824 1288 1894 Ejus

234 1925 268 1962 se
285 1909 402 1964 noverit
418 1909 617 1964 incursurum.
664 1909 774 1964 Datum
787 1908 888 1964 Roma
907 1908 984 1980 apud
1002 1916 1135 1965 sanctum
1154 1909 1286 1974 Petrum

235 1991 308 2047 Idus
327 1992 473 2059 Januarii,
490 1993 677 2066 pontificatus
695 1993 789 2050 uostri
808 2010 882 2049 enno
900 1994 1006 2065 primo.
1051 1993 1156 2060 Amen,
1189 2009 1285 2060 amen,

235 2074 345 2132 arnen¹

199 2403 205 2415 .
249 2315 430 2386 &mmm
453 2317 657 2385 Iarwceatt‘i
682 2317 790 2404 Papae
813 2316 909 2384 mutii
932 2337 1035 2403 seper
1057 2316 1266 2403 coemptione

546 2418 806 2487 stemmate
830 2417 980 2485 coecobie'.

271 2564 460 2641 innocentius
486 2565 774 2637 episcopusservus
802 2582 955 2621 servorum
981 2564 1047 2630 Dei,
1076 2565 1193 2621 dilectis
1219 2566 1288 2621 filiis
1301 2579 1434 2643 Thejuffi.

234 2648 335 2703 abbati
348 2655 385 2706 ‚et
402 2649 542 2704 fratribus
568 2650 794 2705 Eveshamensis
814 2650 940 2705 coenobii
959 2650 1085 2705 salutem
1104 2656 1134 2705 et
1152 2650 1289 2721 apostoli·
1300 2647 1350 2697 εἰεί
1361 2648 1448 2696 deesse

233 2749 300 2788 cam
325 2732 568 2788 benedictionem.
619 2734 663 2787 Ex
681 2751 732 2788 ore
751 2733 880 2789 sedentis
905 2734 936 2787 iu
953 2734 1058 2789 throno
1076 2734 1209 2805 procedit
1227 2735 1289 2805 gla·
1301 2714 1459 2764 ⁰s1¹¹¹¹⁰⁰⁰¹¹¹

233 2816 301 2871 dius
320 2815 481 2872 bisacutus.
528 2817 672 2886 Quoniam
690 2836 724 2872 ex
743 2835 793 2872 ore
811 2818 937 2872 Romani
954 2818 1100 2889 pontificis
1119 2818 1171 2889 qui
1189 2819 1289 2888 praesi·
1301 2780 1406 2897 ffljm·

234 2901 286 2955 det
297 2901 466 2971 apostolicus
479 2901 542 2956 sedi
555 2904 721 2957 rectissima
735 2902 822 2956 debet
834 2903 913 2956 exire
932 2903 1085 2966 sententia,
1107 2921 1172 2973 qum
1186 2909 1289 2959 contra
1303 2914 1384 2968 1206?

229 2983 380 3053 justitiam
403 2985 477 3038 nulli
504 2992 606 3055 parcat
627 2985 679 3039 sed
697 2984 802 3039 reddat
830 2985 908 3057 quod
927 3004 1014 3041 suum
1042 2992 1088 3041 est
1114 2988 1283 3057 unicuique.

236 3066 331 3135 Quum
351 3069 444 3138 igitur
462 3069 608 3123 intervos
628 3075 658 3123 et
675 3068 872 3123 venerabilem
891 3071 1012 3124 fratrem
1028 3077 1160 3125 nostrum
1174 3071 1289 3141 Wigor·

235 3168 356 3206 nensem
386 3152 556 3223 episcopum
591 3169 680 3224 super
716 3153 887 3207 monasterii
923 3153 1015 3207 vestri
1046 3152 1224 3224 subjectione
1255 3170 1289 3206 ac

234 3235 371 3289 libertate
401 3237 601 3291 controversia
630 3242 798 3291 verteretur
825 3240 855 3290 et
888 3254 941 3291 nos
970 3253 1035 3290 eam
1066 3232 1288 3290 examinandam

236 3319 484 3374 commisissemus
500 3320 651 3390 judicibus
670 3320 824 3391 delegatis,
851 3321 909 3390 ipsi
934 3318 1056 3373 eandem
1074 3336 1192 3374 causam
1211 3319 1289 3373 suffl-

237 3405 346 3459 cienter
365 3404 541 3459 instructam
559 3404 596 3458 sd
613 3410 743 3459 nostram
762 3404 948 3474 praesentiam
968 3403 1154 3467 remiserunt,
1175 3409 1289 3458 certum

238 3487 368 3557 partibus
386 3488 545 3541 terminum
563 3489 749 3558 praefigentes
769 3505 827 3558 quo
846 3505 913 3541 cum
932 3487 1135 3542 instrumentis
1154 3495 1184 3541 et
1201 3493 1289 3541 attes-

239 3571 394 3625 tationibus
413 3578 513 3625 nostro
532 3589 563 3625 se
581 3571 749 3642 conspectui
768 3577 980 3642 praesentarent
998 3571 1172 3627 senteutiam
1190 3588 1290 3641 recep·

240 3659 319 3708 turen.
358 3655 498 3709 Partibus
523 3656 617 3726 igitur
644 3656 674 3709 in
701 3654 858 3725 praesentia
884 3663 986 3710 nostra
1012 3673 1065 3728 per
1083 3664 1289 3727 procuratores

242 3736 355 3794 idoneos
382 3740 559 3803 constitutis,
587 3739 765 3795 audientium
792 3739 972 3810 praebuimus
997 3740 1121 3794 liberam
1140 3746 1170 3795 et
1188 3740 1290 3811 benig·

242 3837 311 3876 uam.
351 3822 390 3877 Et
408 3822 527 3892 quidem
546 3824 716 3878 monasterii
734 3823 827 3878 vestri
851 3824 1004 3894 proposuit
1020 3831 1192 3894 procurator
1211 3824 1289 3894 quod

242 3903 311 3960 idem
330 3907 542 3962 monasterium
560 3907 680 3978 abipsa
699 3909 745 3961 sui
772 3906 944 3961 fundatione
972 3907 1100 3960 liberum
1124 3908 1240 3961 exstitit
1258 3913 1288 3962 et

244 3996 412 4060 exemptum,
435 3990 472 4044 sd
497 3991 552 4046 hoc
576 3991 758 4062 probandum
776 3991 935 4063 privilegia
952 3989 1203 4060 praedecessorum
1221 4009 1287 4045 nos·

242 4075 348 4127 trorum
366 4074 518 4139 inducens,
539 4074 598 4128 duo
615 4074 756 4130 videlicet
782 4074 976 4137 Constantini,
996 4091 1088 4127 unum
1113 4073 1286 4138 innocentii,

241 4160 269 4210 et
279 4158 404 4212 sitarum
415 4158 584 4223 Alexandri,
604 4175 658 4214 neo
675 4176 734 4213 non
751 4158 949 4230 indulgentias
963 4157 1123 4213 Clementis
1141 4164 1172 4214 et
1190 4158 1290 4214 Geles-

270 4415 738 4482 ¹oestrum]om.Vesp.B.xxir.f.75b.
784 4421 800 4446 ‘⁴
817 4417 964 4468 haberemus
985 4417 1131 4479 bullatam?
1154 4434 1212 4483 says
1240 4433 1288 4468 our

267 4496 384 4547 'dmm
403 4535 409 4546 .
429 4497 529 4562 ιαηιιυι]
551 4513 600 4546 om.
618 4496 677 4546 ibid
785 4497 880 4556 author,
907 4497 984 4561 infra,
1013 4513 1036 4562 p.
1059 4499 1139 4560 184),
1168 4498 1211 4547 the
1235 4498 1286 4562 day

267 4575 386 4625 ’Thisis
404 4577 446 4625 the
464 4576 521 4625 date
541 4576 571 4625 of
584 4576 626 4626 the
643 4577 693 4639 dsy
705 4589 738 4624 on
784 4591 817 4624 on
838 4575 921 4624 which
944 4582 1060 4626 sentence
1080 4591 1132 4626 vas
1154 4576 1208 4626 first
1230 4592 1288 4640 pro-

214 4649 372 4705 whichthe
384 4655 634 4720 decreevastiuslly
644 4655 736 4718 signed
784 4656 900 4704 nounced
917 4670 977 4723 ves,
997 4671 1024 4706 ss
1044 4671 1082 4705 we
1100 4656 1164 4707 hs've
1184 4671 1243 4706 seen
1262 4664 1288 4706 st

211 4730 294 4776 md
323 4734 403 4783 sealed
432 4735 469 4795 (⁸⁶
484 4750 561 4798 quum
583 4733 738 4785 seutentiam
784 4748 808 4796 p.
823 4733 997 4794 169,24Dec.

1084 4817 1154 4877 uh
