3270 5656
474 821 674 873 ennomoon
697 818 852 870 sensns
876 819 922 868 na
945 816 1116 869 nvrsnsn
1292 801 1331 864 15

287 991 467 1061 Celebratis
490 997 592 1082 igitur
626 997 798 1060 missarum
821 995 985 1060 solemniis
1009 1003 1043 1060 et
1074 995 1146 1059 aliis
1169 1017 1211 1059 ex
1245 1016 1333 1058 more
1347 1006 1482 1059 A.D.718.

286 1098 426 1184 peractis
450 1099 621 1183 obsequiis,
645 1100 790 1185 positum
814 1105 866 1164 est
888 1120 1002 1184 comus
1033 1096 1102 1182 ejus
1126 1119 1199 1162 cum
1223 1097 1333 1162 debito

285 1199 406 1266 honore
433 1202 468 1265 in
500 1202 569 1266 loeo
602 1224 699 1287 quem
737 1203 827 1288 prius
863 1202 1004 1287 elegerat
1041 1202 1113 1264 sibi.
1169 1200 1334 1286 Apposuit

287 1304 490 1389 epitaphium
524 1306 668 1391 scriptor,
703 1329 768 1370 non
802 1305 932 1369 leonina
963 1303 1123 1367 dictatmn
1162 1303 1332 1381 cantilena,

286 1405 342 1472 sed
363 1406 503 1493 simplici
521 1408 781 1473 commcndatmn
797 1407 873 1472 stilo
890 1415 924 1472 et
939 1407 1153 1492 descriptione
1169 1428 1234 1470 non
1248 1406 1332 1471 ficta.

331 1552 348 1583 “
374 1546 468 1633 Rupe
491 1549 552 1612 sub
577 1547 637 1612 hae
661 1549 720 1612 vili
745 1549 868 1634 tegitur
894 1548 946 1610 vir
970 1570 1124 1624 summus,
1149 1554 1183 1611 ot
1206 1568 1289 1609 urna
1346 1541 1460 1608 Epiaph.

331 1660 346 1684 ¹‘
370 1648 545 1714 Clauditur
566 1657 707 1736 angusta
730 1673 826 1737 quem
851 1650 1006 1714 subvehit
1030 1650 1098 1714 alta
1120 1672 1178 1735 per
1201 1649 1310 1713 orbem

333 1761 348 1789 “
372 1752 449 1816 Veri
472 1751 560 1818 fama
582 1753 704 1817 volans.
752 1753 862 1817 Genus
885 1754 938 1817 hic
961 1752 1136 1839 spectabile
1160 1752 1266 1827 duxit,

331 1864 348 1890 ‘¹
372 1855 416 1919 Et
438 1878 544 1920 mores
566 1856 685 1920 habuit
708 1855 878 1942 praeclaros
902 1878 1083 1942 magnaque
1110 1857 1218 1941 gessit.

333 1964 349 1992 “
374 1957 548 2023 Ecclesiam
573 1958 651 2023 fecit
674 1958 856 2024 Eovesham
881 1981 978 2044 quam
1001 1959 1097 2024 rnodo
1121 1957 1254 2034 dicunt,¹

333 2071 348 2094 ‘⁴
374 2061 503 2126 Ditavit
526 2062 630 2142 terris,
648 2068 682 2126 et
698 2062 802 2126 multa
824 2061 1015 2126 nobilitavit

333 2169 349 2196 “
374 2163 539 2229 Libertate
567 2164 680 2229 locum.
728 2165 793 2243 Qui
820 2166 911 2251 regni
933 2166 1010 2250 jura
1031 2165 1166 2229 tenebat

332 2275 348 2300 “
372 2264 602 2331 Omnimodam
626 2268 776 2353 scripsit3
800 2268 993 2353 subscripsit
1016 2268 1105 2331 curia
1127 2268 1226 2353 regni,

333 2373 351 2403 “
375 2368 419 2433 Et
441 2371 497 2454 qui
522 2369 703 2434 Romanam
730 2370 840 2434 sedem
866 2377 947 2434 tunc
969 2392 1054 2456 papa
1076 2368 1217 2454 regebat,

332 2481 346 2504 ‘⁴
372 2470 591 2537 Confirmavit
614 2495 684 2537 eam
708 2474 837 2559 proprio
861 2477 1004 2536 testante
1028 2471 1141 2557 sigillo.

332 2584 346 2606 ‘³
371 2574 449 2638 Vita
472 2576 628 2661 migravit
652 2597 752 2660 quum
777 2575 853 2639 solis
876 2597 934 2660 per
958 2574 1191 2660 Capricornum

334 2675 502 2741 “Tertius
528 2699 565 2741 ac
589 2678 732 2742 decimus
757 2678 926 2742 medians²
954 2678 1108 2742 existeret
1131 2675 1251 2742 ortua.'’

331 2827 445 2893 Multis
472 2828 703 2894 miraculorum
728 2831 829 2915 signis
858 2831 891 2892 in
918 2829 1031 2893 eodem
1055 2828 1123 2893 loeo
1151 2829 1240 2892 Deus
1266 2829 1332 2892 evi-

290 2930 403 2995 denter
427 2937 540 3016 postea
565 2933 760 2996 monstravit
784 2937 906 3016 quanta
929 2938 1060 2996 sanctus
1086 2933 1137 2994 vir
1159 2932 1333 3016 Ecgwinus

289 3034 372 3120 apud
399 3034 484 3097 Eum
508 3035 616 3119 gratia
648 3035 683 3097 in
707 3034 795 3098 coelis
821 3035 993 3098 eminebat.
1052 3034 1185 3099 Orbatis
1210 3034 1332 3098 lumine

289 3136 394 3200 lumen
432 3137 474 3200 ad
516 3135 586 3219 ejus
632 3138 772 3200 nominis
809 3138 1050 3201 invocationem
1087 3137 1332 3214 restituebatur,

289 3239 401 3304 auditu
437 3240 577 3324 privatis
613 3239 745 3304 auditus
781 3239 987 3315 reddebatur,
1027 3238 1190 3303 debilibus
1226 3240 1333 3302 virtus

288 3343 402 3406 amissa
426 3342 665 3406 reformabatur
688 3348 721 3406 et
749 3365 842 3406 omne
866 3343 974 3405 abeis
1002 3341 1221 3404 infortunium
1245 3334 1332 3404 arno-

288 3446 429 3510 vcbatur.
485 3445 557 3508 Nec
580 3444 683 3508 solum
711 3445 752 3508 ab
783 3444 994 3508 incommodis
1025 3443 1240 3507 exterioribus
1277 3466 1334 3527 per

288 3548 353 3632 ejus
377 3549 496 3611 merita
519 3548 688 3611 consilium
714 3548 931 3623 obtinebatur,
947 3568 1061 3610 verum
1086 3553 1120 3610 et
1142 3547 1184 3611 ab
1200 3547 1333 3611 interio-

288 3651 373 3713 ribus
401 3651 585 3714 animarum
618 3650 938 3714 incommoditatibus
971 3650 1132 3713 aurdlium
1171 3650 1332 3714 divinitus

288 3751 531 3838 adipiscebatur.
588 3752 694 3838 Super
729 3752 780 3814 his
813 3774 888 3838 ergo
919 3752 983 3816 vin'
1011 3752 1115 3816 sancti
1153 3752 1240 3816 fama
1275 3774 1333 3838 per

288 3855 424 3940 patriam
453 3854 634 3940 divulgata,
663 3855 705 3918 ad
734 3855 942 3940 impetranda
968 3860 1039 3919 tarn
1065 3856 1206 3940 corporis
1233 3876 1331 3939 quam

287 3957 401 4022 aninam
426 3957 569 4020 remedia
596 3958 781 4042 frequentia
805 3957 997 4042 populorum
1014 3956 1056 4020 ad
1072 3957 1211 4021 eundem
1226 3957 1332 4020 locum

287 4060 425 4135 veniens,
452 4060 558 4123 multa
582 4061 690 4146 ipsum
707 4061 897 4125 celebritate
925 4060 1021 4145 longe
1048 4060 1180 4143 lateque
1206 4060 1241 4121 in
1256 4059 1332 4123 sub-

287 4163 358 4227 lime
384 4162 569 4241 attollebat,
596 4164 638 4226 ad
663 4163 799 4249 gloriam
828 4170 862 4227 et
887 4163 1016 4226 laudem
1040 4162 1149 4247 Ipsius
1176 4162 1330 4240 Quicum

290 4264 383 4331 Patre
408 4271 441 4331 et
466 4266 593 4351 Spiritu
619 4267 739 4331 Sancto
766 4266 852 4330 vivit
877 4272 910 4331 et
933 4271 1050 4351 regnat
1078 4264 1168 4328 Dens
1191 4286 1248 4351 per
1264 4286 1331 4328 orn-

318 4567 482 4616 *eeclesiam
500 4567 643 4629 secitqnam
661 4581 727 4614 nunc
746 4566 807 4617 ‹li-3
862 4566 1011 4630 maleas]
1048 4568 1185 4616 moderans.
1228 4568 1331 4624 Iaeland,

289 4654 344 4695 eunt
357 4646 506 4695 Eoresham.
537 4645 652 4703 sorsin,
665 4645 704 4692 De
716 4646 784 4694 l'roe·
806 4668 807 4676 κ
830 4645 888 4694 ibid.

289 4725 350 4784 sul.;
368 4726 475 4783 leland,
488 4725 653 4782 Collectanen,
666 4724 681 4772 i.
696 4730 750 4772 300.
805 4691 809 4763 l
