3264 5662
286 1807 529 1871 Tnsnsnfflou
551 1813 626 1864 unu
649 1797 831 1863 Musaeus
853 1812 897 1862 or
920 1794 954 1863 S.
977 1794 1136 1874 Ouum,

477 1929 551 1979 Aren
574 1912 661 1976 ern
682 1928 728 1976 or
750 1909 784 1975 S.
800 1908 957 1976 Wrsrsrr.

435 2149 523 2216 [Bou.
535 2147 592 2201 MS.
604 2145 686 2198 Base
696 2144 731 2197 a
744 2148 802 2207 aar,
812 2144 840 2196 s.
854 2149 967 2196 rra-ua
981 2142 1019 2210 n]

146 2581 179 2628 0
237 2619 373 2707 raas
403 2616 585 2706 saerata
614 2613 858 2684 taenara
887 2621 918 2684 a
946 2614 1198 2684 assamur

555 2719 704 2806 ey'eesdem
727 2717 884 2806 [Odulfi].

703 2852 711 2873 ι
726 2832 739 2869 Ὶ
783 2848 788 2860 ·
939 2836 945 2847 ’
992 2828 1005 2843 ⁴

210 2830 272 2907 Z?
310 2830 442 2900 μὴν.
587 2894 636 2903 .,
693 2893 698 2903 ·
741 2874 774 2887 ··
805 2878 836 2891 ⁸·
922 2864 937 2909 ·.’
987 2904 991 2909 .
1081 2868 1225 2911 .,.’r„

239 2904 478 2998 nrr‘resornn
500 2925 573 2986 erat
595 2908 744 2986 studiurn
765 2906 860 3008 gesta
882 2875 1070 3008 t'sirrporum
1092 2920 1247 3009 faetaque
1273 2912 1279 2925 ’

196 3027 331 3092 sortium
354 3025 504 3089 virorum
535 3023 692 3109 praeelaro
724 3023 815 3110 stylo
849 3025 1084 3103 commendare,
1108 3030 1247 3111 setaque

197 3130 258 3195 sub
280 3127 383 3193 oeulis
406 3127 476 3191 sive
499 3126 634 3191 auribus
657 3126 823 3191 exhausta
853 3127 1021 3194 memoriae
1044 3133 1248 3214 posterorum

199 3231 335 3296 tradere.
383 3228 424 3293 Id
440 3229 505 3294 sibi
521 3228 699 3293 honestum
715 3228 855 3314 aliisque
870 3229 954 3294 utile
969 3229 1148 3295 videbatur
1170 3231 1248 3296 fore.
1379 3256 1383 3263 ·

201 3333 300 3399 Unde
338 3353 397 3396 nos
428 3353 541 3396 eorum
565 3330 766 3395 industriam
789 3328 937 3396 imiteri¹
973 3332 1150 3418 cupientes,
1172 3332 1250 3399 lieet

201 3438 340 3524 impotes
363 3433 586 3499 eruditissima
620 3432 738 3497 talium
773 3433 866 3518 sequi
896 3433 1045 3519 vestigia,
1068 3440 1108 3499 ut
1124 3434 1250 3500 indocti

201 3538 404 3627 pedetentim
448 3535 703 3622 progredientes,
746 3535 888 3622 qualiter
926 3535 1074 3623 reliquiae
1118 3537 1251 3625 patroni

203 3641 306 3706 nostri
338 3637 538 3704 sanctissimi
563 3637 676 3702 Odulfi
709 3636 750 3702 de
782 3637 927 3704 Staurou
962 3638 1170 3707 Lundoniam
1200 3663 1251 3707 as-

203 3747 342 3830 portatae
373 3741 514 3825 indeque
536 3741 580 3804 ad
603 3739 769 3805 ecelesiam
800 3739 1096 3806 Eoveshamensem
1123 3742 1253 3808 honori-

203 3847 264 3910 fiee
300 3843 424 3909 fuerint
461 3841 642 3921 translatae,
673 3842 905 3929 compendioso
944 3843 1134 3910 studuimus
1166 3846 1254 3931 stylo

204 3947 344 4035 posteris
366 3946 529 4010 intimare.

251 4048 382 4114 Aeeidit
405 4049 493 4113 enim
516 4052 665 4134 tempore
681 4047 811 4114 Kanuti
835 4048 1002 4135 magnifici
1025 4049 1111 4136 regis
1132 4050 1256 4139 Angla·
1337 4093 1343 4106 ·
1372 4093 1378 4105 ·

206 4174 281 4217 rum
304 4150 392 4236 quod
415 4151 551 4235 quidam
574 4150 649 4231 viri,
672 4151 757 4215 mira
779 4150 918 4216 audacia
943 4151 1030 4231 freti,
1055 4175 1128 4219 ossa
1149 4157 1256 4222 musti
1288 4140 1310 4174 ⁰⁶
1388 4158 1396 4172 '

206 4277 244 4320 ae
268 4254 338 4319 Deo
370 4253 484 4318 dilecti
514 4253 620 4339 patris
654 4254 758 4319 nostri
786 4252 899 4320 Odulfi
931 4255 971 4320 de
1005 4255 1150 4322 Staurou
1173 4258 1256 4324 elarn

205 4357 393 4424 auferentes
432 4353 641 4422 Lundoniam
680 4357 877 4443 quantocius
915 4357 1140 4428 transferrent.
1208 4360 1258 4426 Ea

562 4676 568 4705 ¹
589 4675 694 4742 imitari]
708 4672 836 4734 immitari,
847 4675 903 4727 MS.
