3270 5656
381 797 584 848 cusourcou
598 796 756 847 summa
772 798 819 847 nn
842 797 1011 849 nummu.
1157 784 1219 848 231

171 1004 243 1046 rum
268 990 303 1048 ct
327 1006 554 1070 expensurum,
576 1007 674 1072 super
695 986 747 1050 his
771 987 885 1051 literas
900 985 1026 1051 domini
1049 1008 1143 1073 papas
1166 986 1222 1051 de·
1235 999 1305 1050 An).
1317 1005 1393 1057 1213.

172 1085 311 1150 ferentes
338 1087 380 1151 ud
412 1088 581 1152 dominum
605 1087 815 1166 Pandulfum‚
843 1088 969 1152 domini
998 1110 1093 1174 papae
1117 1110 1222 1154 came·
1235 1098 1287 1140 10³³
1296 1099 1384 1169 return

169 1187 299 1263 rarium,
323 1189 380 1273 qui
404 1189 575 1253 dominum
598 1190 877 1276 archiepiscopum
903 1195 1121 1254 revocaverat.
1178 1191 1224 1254 Et
1235 1159 1391 1277 {flfflm

170 1310 270 1373 quum
294 1290 516 1356 obtinuissent
541 1291 684 1356 Romani
708 1292 881 1378 privilegia
904 1296 1018 1356 nostra
1049 1296 1084 1356 et
1113 1294 1224 1357 omnia

170 1412 227 1455 sua
258 1414 279 1455 a
304 1393 437 1458 domino
463 1416 547 1480 rege,
575 1394 686 1458 vocati
713 1394 835 1458 fuimus
866 1394 975 1458 edicto
1004 1395 1223 1479 peremptorio

172 1498 208 1558 ut
230 1515 489 1579 compateremue
512 1496 601 1583 apud
625 1496 820 1575 Eboracum,
851 1500 886 1559 et
913 1495 1030 1560 missus
1060 1517 1133 1560 sum
1164 1518 1224 1582 ego

171 1594 246 1660 illuc
269 1603 470 1682 procurator,
494 1599 673 1662 etiterum
696 1597 1020 1684 Northcmptoniam,
1050 1602 1085 1662 et
1111 1603 1225 1684 postea

173 1696 384 1762 Londoniam.
431 1698 478 1763 Et
500 1699 614 1785 excepi
637 1705 752 1764 contre
783 1721 837 1764 eos
860 1700 947 1785 quod
970 1721 1037 1763 non
1061 1699 1225 1764 debebant

172 1805 280 1884 petere
306 1821 422 1885 poenes
452 1801 532 1886 quis
562 1823 622 1866 nos
653 1822 720 1867 non
751 1802 875 1866 fuimus
907 1802 943 1864 in
975 1823 1066 1865 mora
1096 1823 1156 1866 nec
1188 1802 1225 1866 in

172 1900 272 1986 culpe,
303 1902 410 1966 veluti
440 1924 507 1967 non
538 1903 696 1968 habentes
734 1904 859 1988 aliquos
897 1903 1048 1968 redditus
1076 1908 1224 1990 tempore

172 2002 375 2080 intermedio,
406 2027 444 2070 eo
475 2004 563 2090 quod
590 2027 648 2069 rex
676 2026 787 2071 omnes
815 2005 1031 2091 possessiones
1061 2005 1224 2071 ecclesius-

172 2106 250 2170 ticas
273 2106 406 2191 Angliae
432 2108 579 2172 tenuerit
608 2108 645 2171 in
671 2129 772 2172 manu
797 2130 856 2172 sua
877 2112 1023 2193 tempore
1046 2107 1223 2185 interdicti,

171 2214 205 2272 et
226 2207 343 2272 multis
366 2209 440 2273 aliis
463 2210 571 2274 modis
594 2210 709 2296 excepi
727 2216 918 2274 contrusus.
966 2208 1067 2274 Unde
1089 2211 1224 2275 tandem
1237 2224 1393 2290 Agreement

170 2311 411 2395 composuimus
438 2311 473 2374 iu
499 2312 613 2398 vigilia
639 2312 798 2376 Omnium
816 2312 1011 2377 Sanctorum
1036 2312 1125 2398 apud
1148 2312 1225 2376 Wa·
1238 2293 1354 2342 withue

170 2411 330 2497 lingcford
354 2413 441 2496 quod
465 2413 658 2478 deberemus
689 2414 767 2479 dare
798 2415 844 2478 eis
871 2414 1070 2498 quingentas
1100 2436 1225 2479 marces
1238 2360 1394 2490 culeddissgae

168 2535 225 2599 pro
247 2519 336 2577 sorte
360 2516 467 2600 pesnis
484 2520 518 2578 et
533 2515 707 2601 expensis3
735 2521 769 2580 et
784 2516 928 2580 multum
951 2515 1077 2599 placuit
1092 2515 1225 2579 domino
1239 2492 1340 2609 {idda

170 2615 276 2700 legato
299 2616 369 2680 lraec
393 2617 586 2702 compositio
608 2623 642 2681 et
657 2617 790 2681 domino
805 2616 1046 2703 archiepiscopo
1067 2617 1124 2701 qui
1144 2623 1225 2682 tunc

172 2716 216 2780 ibi
239 2722 334 2781 eraut
359 2723 545 2803 praesentes,
569 2722 604 2783 et
626 2719 822 2783 confirmata
848 2725 898 2783 est
929 2741 949 2781 a
979 2717 1112 2783 domino
1140 2718 1226 2782 Pau·

174 2818 270 2895 dullo,
294 2826 329 2884 et
352 2821 507 2905 prefixus
532 2826 583 2886 cst
606 2821 675 2886 dies
698 2821 872 2886 solutionis
895 2821 982 2884 infra
999 2820 1131 2886 octabas
1147 2820 1225 2907 Epi-

173 2920 310 3006 phanioe.

175 3203 219 3267 Dc
239 3203 388 3267 motuum
411 3202 636 3268 dominorum
657 3203 758 3286 {epuli
781 3209 811 3267 ct
834 3201 1080 3286 archiepiscopi
1103 3208 1221 3266 contro

260 3304 410 3368 uirtutem
436 3327 471 3368 eo
503 3306 593 3390 quod
625 3305 728 3370 nollet
765 3304 887 3369 soluere
916 3302 1088 3368 Romanis
1118 3303 1221 3388 quia-

258 3414 376 3491 penius
397 3428 538 3471 marcus.

216 3545 327 3626 Quum
366 3557 477 3609 autem
516 3545 700 3609 retulissem
738 3543 822 3606 hene
861 3542 1129 3628 compositionem
1164 3544 1222 3608 do·
1236 3564 1375 3615 Theabbot

174 3648 259 3711 mino
283 3647 397 3711 abbati
425 3653 458 3712 et
494 3648 681 3721 conventui,
718 3646 844 3731 placuit
876 3647 1062 3710 conventui.
1109 3647 1222 3712 Abbas
1236 3633 1362 3750 limga

173 3771 246 3814 vero
269 3748 448 3835 respondit,
479 3749 595 3833 jurans
629 3771 686 3834 por
725 3746 872 3833 reginam
911 3747 1110 3832 angelorum,
1134 3749 1222 3834 quod
1236 3714 1252 3762 p
1268 3715 1311 3764 ym

173 3874 339 3936 nunquam
378 3851 529 3915 redderet
568 3851 645 3914 inde
683 3872 788 3913 unum
835 3849 1013 3925 denarium,
1063 3849 1121 3934 (et
1165 3873 1222 3915 ve-

173 3974 241 4016 rum
269 3953 365 4029 dixit,
393 3954 590 4038 prophetans
617 3952 681 4016 eibi
711 3950 844 4028 mulum,
876 3950 954 4034 quia
983 3955 1062 4013 aute
1092 3954 1223 4037 tempus

173 4056 342 4120 solutionis
365 4055 535 4140 depositus
570 4056 641 4138 cst)
668 4052 725 4117 scd
757 4052 913 4137 prsecepit
952 4048 1038 4133 quod
1073 4070 1133 4135 ego
1165 4053 1222 4136 qui

173 4157 307 4222 eandem
354 4158 524 4242 pecuniam
565 4157 679 4220 Βοωω
724 4173 997 4237 consumpseram,
1044 4157 1084 4215 ut
1128 4151 1224 4232 dixit,

173 4259 274 4343 ipsam
315 4260 470 4322 Romanis
506 4257 731 4343 persolverem,
775 4276 876 4339 quum
919 4258 1050 4317 tuntum
1093 4261 1224 4341 septua-

173 4363 264 4445 ginta
287 4385 413 4425 marcus
437 4363 471 4424 in
494 4361 715 4443 biennioque
739 4358 785 4420 ibi
813 4361 970 4420 steteram
993 4360 1109 4421 mutuo
1137 4379 1224 4423 acce-

174 4466 297 4548 pissem,
331 4464 382 4528 illc
407 4486 484 4527 vero
514 4464 549 4525 in
573 4485 631 4526 sex
664 4460 856 4546 septimanis
888 4456 1007 4541 quibus
1038 4458 1085 4521 ibi
1117 4459 1224 4526 fuerat

174 4568 367 4652 quingentas
404 4573 437 4629 et
475 4565 615 4648 triginta
653 4584 776 4626 marcas
811 4565 928 4624 mutuo
965 4561 1148 4646 accepisset,
1183 4565 1223 4629 dc

175 4669 291 4754 quibus
314 4668 466 4733 omuibus
488 4673 620 4732 tautum
644 4666 800 4730 ducentas
820 4663 970 4728 solverat.
1018 4662 1089 4749 Ego
1111 4664 1223 4752 itaque
