3270 5656
406 802 611 851 onsorucou
634 800 792 851 ABBATIAE
815 805 862 851 oa
885 804 1054 852 svnsnnu.
1192 791 1255 855 133

203 974 307 1041 ‘bera
328 976 367 1030 ad
394 977 537 1048 synodum
555 977 716 1049 Wigorniae
733 981 830 1035 vocati
855 981 1004 1045 accedere,
1026 987 1250 1045 consueverunt,
1267 983 1416 1039 A.D.1204.

202 1065 258 1116 ‘et
280 1061 363 1132 ipsos
390 1062 542 1132 episcopos
560 1063 598 1116 ad
621 1080 722 1117 eorum
749 1064 961 1119 monasterium
987 1066 1157 1121 accedentes
1183 1083 1250 1121 oum

199 1149 208 1172 ⁴
227 1146 412 1217 processione
430 1147 568 1218 recipere,
583 1165 617 1202 ae
635 1149 667 1201 in
684 1149 786 1204 multis
802 1149 868 1203 aliis
886 1149 960 1220 ipsis
980 1150 1064 1220 quasi
1083 1150 1180 1205 devoti
1199 1150 1253 1204 filii

199 1232 208 1256 ‘
226 1230 355 1295 obedire,
377 1235 409 1285 et
426 1232 524 1286 omnia
540 1231 705 1302 spiritualia
723 1233 759 1286 ab
778 1233 1075 1303 ecclesiaWigerniee
1091 1235 1250 1305 percipere,

200 1318 207 1341 ‘
226 1333 304 1370 nunc
328 1315 360 1370 in
386 1315 493 1386 spiritu
511 1316 674 1371 contumaci
692 1316 822 1371 debitam
841 1317 937 1371 eidem
956 1318 1092 1388 episcopo
1118 1336 1253 1373 reveren-

199 1402 207 1425 ‘
226 1399 299 1454 tiam
317 1406 348 1454 et
366 1397 560 1454 obedientiam
579 1400 750 1455 subtrahere
768 1400 938 1456 moliuntur.
986 1401 1084 1470 Quum
1102 1403 1181 1456 enim
1198 1420 1251 1455 nu·

199 1485 280 1554 ‘per
304 1482 383 1538 idem
410 1483 563 1554 opiscopus
582 1501 725 1538 unacum
751 1483 868 1539 dilectis
894 1485 964 1539 filiis
988 1486 1091 1540 abbate
1103 1485 1249 1541 Winchel·

200 1570 207 1592 ⁴
226 1565 361 1632 cumbiae,
381 1567 479 1638 priore
504 1566 702 1632 Gloecestrioe,
727 1568 842 1623 clericis
861 1569 995 1638 pluribus
1014 1575 1044 1623 ct
1058 1570 1250 1639 jurisperitis,

199 1654 207 1676 ⁴
226 1656 307 1705 certo
318 1650 367 1705 die
376 1650 496 1722 praefixo
508 1657 538 1706 et
549 1652 585 1705 ab
598 1651 766 1722 cisrecepto
778 1651 815 1706 ad
825 1669 927 1706 eorum
939 1653 1151 1708 monasterium
1164 1670 1252 1707 causa

199 1733 403 1789 ‘visitationis
428 1735 588 1799 accederet,
616 1735 714 1806 ipsum
739 1736 870 1805 recipere
894 1736 1061 1802 noluerunt,
1082 1737 1135 1791 sed
1152 1743 1252 1792 contu·

199 1820 207 1842 ‘
227 1819 348 1873 meciter
360 1817 531 1873 resistentes
543 1818 649 1883 eidem,
658 1836 753 1889 neque
763 1819 831 1889 jure
844 1820 889 1874 uti
901 1821 1049 1875 communi
1060 1838 1114 1875 nec
1125 1821 1251 1891 speciale

200 1906 206 1927 ¹
226 1901 417 1973 privilegium
442 1920 496 1973 per
523 1902 600 1973 quod
625 1909 724 1958 essent
748 1903 876 1974 exempti
904 1904 1057 1958 ostendere
1081 1905 1248 1967 volucrunt,

199 1987 277 2041 ‘aed
294 2004 348 2041 nec
367 1987 458 2042 etiam
476 1986 690 2057 indulgentiam
709 1988 805 2042 eidem
831 1989 968 2060 episeopo
987 2008 1004 2043 a
1021 1990 1106 2044 nobis
1132 2008 1248 2044 eonces-

199 2074 206 2096 ⁸
226 2087 297 2135 sam,
310 2071 396 2141 cnjus
410 2071 583 2125 auctoritate
601 2071 637 2125 de
656 2071 814 2126 intrinseca
825 2078 856 2127 et
868 2074 1031 2129 extrinseca
1042 2074 1249 2144 religiosarum

200 2158 206 2179 ⁶
226 2154 378 2209 domorum
397 2154 648 2209 administratione
666 2173 732 2226 quae
749 2157 807 2226 ipsi
826 2157 1077 2212 dioecesanarum
1096 2159 1163 2228 lege
1183 2159 1249 2212 sub·

199 2242 206 2264 ‘
222 2239 317 2308 jecta,
331 2238 528 2309 appellatione
546 2245 668 2303 remota,
688 2246 786 2310 potest
803 2257 988 2310 cognoscere,
1003 2248 1181 2297 curaverimt
1199 2261 1248 2296 au·

200 2328 206 2348 ⁴
226 2321 297 2387 dire,
311 2322 483 2378 multotiens
494 2322 641 2393 requisiti.
680 2323 843 2395 Episcopus
856 2343 936 2389 vero,
951 2325 1164 2379 communicate
1176 2343 1249 2395 prm·

200 2411 206 2431 ‘
225 2406 369 2463 dictorum
381 2406 513 2462 virorum
526 2414 556 2461 et
570 2407 809 2478 jurisperitorum
831 2409 964 2472 consilio,
985 2415 1046 2463 tam
1064 2408 1249 2464 manifestam

201 2491 355 2562 ‘ipserum
382 2491 593 2546 contumaciam
620 2498 650 2545 et
677 2491 903 2546 inobedientiam
926 2493 1064 2547 canonica
1081 2510 1168 2562 poena
1185 2511 1249 2563 por-

200 2575 341 2640 ‘callens
371 2575 451 2646 ipsos
470 2582 618 2629 eteorum
644 2575 852 2630 monasterium
871 2583 901 2629 et
918 2576 1044 2647 capellas
1071 2577 1248 2646 pertinentes

202 2659 263 2713 ‘ed
290 2660 372 2731 ipsos
399 2677 416 2713 a
445 2659 614 2714 divinorum
644 2660 840 2714 celebratione
879 2661 1040 2731 suspendit.
1093 2660 1152 2716 Sed
1178 2662 1247 2731 ipsi,

202 2744 414 2799 ‘contumaciae
432 2742 644 2798 contumaciam
662 2743 867 2813 adjungentes,
887 2744 969 2798 illam
988 2744 1162 2799 sententiam
1181 2762 1247 2799 oon-

202 2833 405 2899 'tempaemnt
430 2833 460 2882 ct
485 2826 612 2882 officinm
638 2826 743 2898 exequi
769 2828 889 2882 minime
917 2829 1120 2891 formidarunt,
1132 2829 1249 2899 Wigor-

203 2915 341 2966 ‘oensem
371 2911 525 2966 ecelesiam
554 2928 589 2965 ac
621 2910 790 2981 episcopum
820 2919 1013 2967 memoratum
1040 2912 1247 2983 jurisdictione

203 2998 309 3066 ‘atque
336 2995 502 3050 obedientia
527 2995 625 3049 ineos
644 2995 784 3049 haetenus
810 2994 911 3049 habita
929 3002 959 3050 et
977 2995 1094 3051 obtenta
1117 2997 1246 3066 pacifice,

204 3083 210 3100 ⁸
228 3080 421 3148 pretermisso
436 3078 513 3148 juris
532 3078 644 3142 ordino,
664 3079 832 3149 spoliantes.
883 3079 1031 3134 Praeterea
1056 3079 1087 3133 in
1115 3080 1246 3134 ecclesiis

205 3163 254 3216 ‘et
269 3163 391 3234 capellis
409 3162 496 3216 vallis
515 3162 700 3217 Eveahamiae
720 3179 811 3232 quum
829 3169 943 3227 vacant,
964 3181 1102 3233 personas
1121 3171 1152 3217 et
1168 3164 1246 3217 vicu-

205 3247 281 3301 ‘rios
305 3247 471 3311 instituere,
494 3264 597 3301 causas
625 3246 855 3301 matrimoniales
881 3253 912 3301 et
939 3248 1088 3317 sacrilegii
1109 3254 1244 3309 tractare,

206 3329 290 3384 ‘licet
315 3331 432 3384 nullum
458 3347 546 3400 super
573 3330 620 3384 his
646 3330 837 3400 privilegium
862 3330 988 3384 habeant
1011 3331 1057 3384 vel
1083 3331 1244 3394 ostendant,

207 3415 404 3482 ‘praesumunt
426 3419 456 3467 et
478 3413 632 3483 injungere
659 3413 845 3483 poenitentias
876 3413 1008 3483 publicas
1035 3420 1064 3468 et
1089 3414 1243 3468 solemnes.

207 3495 325 3551 ‘Nuntii
344 3515 416 3552 vcro
438 3497 553 3566 praefati
579 3497 692 3552 abbatis
710 3503 741 3551 et
758 3497 965 3551 monachorum
985 3514 1019 3551 ex
1039 3498 1162 3552 adverso
1180 3516 1245 3568 pro-

208 3589 330 3649 'ponero
346 3586 532 3644 curaverrmt,
547 3580 634 3649 quod,
649 3597 740 3649 quum
759 3581 968 3634 monasterium
987 3581 1023 3635 de
1043 3581 1189 3636 Evesham
1209 3583 1245 3636 ad

208 3664 382 3720 ‘Romanam
400 3665 554 3719 ecclesiam
572 3665 653 3718 nullo
671 3665 816 3734 pertineat
834 3665 990 3729 mediante,
1011 3666 1088 3721 sicut
1106 3667 1137 3721 in
1155 3669 1245 3737 privi-

208 3747 299 3821 ‘legio
328 3749 424 3804 felicis
454 3748 602 3803 memoriae
627 3748 809 3804 Constantini
837 3766 920 3820 papae
951 3751 1031 3805 tertii
1061 3758 1092 3806 et
1120 3753 1245 3806 aliorum

209 3834 469 3902 ‘predecessorum
494 3839 661 3888 nostrerum
688 3832 819 3887 noscitur
836 3835 989 3899 contineri,
1009 3835 1166 3905 praedictus
1186 3837 1244 3906 epi·

209 3915 334 3989 ‘scopus
349 3924 451 3972 contre
468 3917 634 3972 libertatem
652 3917 689 3971 ab
707 3917 865 3987 apostolica
883 3918 952 3972 sede
971 3918 1119 3973 obtentam
1137 3926 1167 3974 et
1182 3919 1244 3988 jam

210 3999 275 4069 ‘per
291 4002 467 4073 quingentos
492 4019 581 4056 annos
606 4002 638 4055 in
664 4018 735 4072 paee
763 4019 936 4072 possessam,
965 4003 1117 4070 presumit
1143 4009 1245 4057 centra

210 4083 363 4153 ‘jmtitiam
388 4086 553 4150 molestare,
581 4084 656 4139 illud
683 4103 750 4140 cum
772 4086 907 4139 omnibus
926 4084 964 4138 ad
982 4085 1062 4138 idem
1082 4087 1112 4138 in
1133 4085 1243 4139 diocesi

211 4167 276 4224 ‘sua
291 4169 514 4241 pertinentibus,
540 4176 607 4239 post
634 4169 859 4239 appellationem
878 4169 915 4223 ad
933 4187 985 4222 nos
1004 4168 1136 4239 legitime
1154 4169 1243 4223 inter·

211 4251 344 4321 ‘positam
362 4262 509 4308 eteorum
527 4253 699 4308 officialibus
725 4252 902 4308 venerabilis
931 4251 1030 4306 fratris
1057 4253 1150 4306 nostri
1169 4251 1242 4307 Can·

212 4335 377 4392 ‘mafiensis
401 4336 613 4407 archiepiscopi
632 4343 663 4392 et
687 4337 751 4408 ipso
777 4339 913 4409 episcope
932 4335 1039 4406 sepius
1065 4337 1240 4400 innovatam,

212 4423 217 4442 ¹
232 4426 417 4481 eeclesiastico
435 4425 589 4480 interdicto
607 4432 637 4480 ct
655 4425 944 4480 excommunicationi
957 4441 1130 4494 supponens.
1169 4424 1243 4478 Pen-

213 4505 316 4566 ‘sienes
343 4511 464 4581 insuper
489 4510 639 4581 prohibuit
664 4511 707 4565 eis
735 4511 819 4565 reddi
838 4516 869 4565 et
885 4510 979 4564 multa
997 4509 1054 4563 alia
1071 4509 1243 4579 gravamina

214 4589 268 4647 ‘eia
283 4613 337 4650 non
348 4601 445 4650 cesset
462 4613 516 4665 pro
534 4612 594 4650 sum
612 4595 771 4650 voluntatis
784 4594 906 4649 arbitrio
923 4596 1065 4664 irrogare.
1103 4594 1242 4649 Volentes

214 4673 312 4745 ‘igitur
330 4688 391 4736 tam
414 4679 544 4751 episcopi
561 4679 696 4751 predicti
714 4697 802 4751 quam
821 4680 973 4735 memorati
992 4679 1158 4733 monasterii
1173 4679 1243 4750 jura

216 4756 333 4835 ‘integre
358 4763 534 4829 conservari,
554 4763 723 4820 dismetioni
749 4771 866 4823 νοείτω,
880 4782 933 4836 per
951 4761 1110 4834 apostolice
1133 4763 1244 4834 scripta
