3264 5662
416 799 621 850 cnaourcou
644 799 800 851 unnurrn
824 803 870 852 nn
893 801 1064 856 rvnsnlu.
1216 790 1261 864 97

206 989 367 1055 obtinuit.
404 990 559 1056 Protinus
597 1011 673 1078 ergo
705 990 798 1076 quasi
836 991 935 1078 lupus
972 1013 1076 1078 rapax
1101 990 1260 1058 concilia¹
1317 1007 1386 1060 Μ).

206 1093 465 1177 malignantium
497 1092 533 1157 in
555 1093 625 1157 loco
655 1093 712 1178 qui
736 1094 857 1158 dicitur
880 1092 1139 1182 Gildeuebeorgc
1165 1096 1263 1182 jubet
1276 1077 1430 1208 ffiffbffi

205 1197 410 1281 congregari,
444 1196 589 1282 quinque
627 1195 784 1261 videlicet
817 1197 925 1273 seiros,
951 1197 1062 1281 ibique
1102 1198 1175 1284 plns
1205 1220 1263 1286 per
1276 1181 1422 1288 ofBlyeux.

209 1320 307 1363 suum
331 1299 477 1384 iniquam
512 1299 693 1384 potentiam
717 1321 816 1384 quarn
848 1304 936 1364 recto
964 1299 1039 1383 jure
1062 1323 1104 1365 ex
1126 1301 1265 1387 triginta
1276 1278 1414 1408 {lffffiffiy

210 1423 274 1465 sex
297 1403 392 1467 terris
414 1423 495 1488 quas
517 1402 618 1466 abbas
641 1401 824 1488 Ageluuius
855 1423 913 1488 per
935 1402 1071 1489 dignam
1093 1405 1264 1489 pecuniam
1277 1409 1418 1489 eltnen'ty-

210 1504 355 1571 ecclesiae
379 1504 563 1590 amuisivit,
597 1504 719 1591 viginti
751 1509 824 1570 octo
847 1505 944 1569 villas
978 1506 1056 1571 fecit
1078 1505 1185 1572 eidem
1207 1507 1263 1570 ab·
1277 1476 1405 1608 ffissfss'

206 1609 314 1692 jurari
337 1612 372 1672 et
394 1630 453 1671 suo
476 1608 588 1693 iniquo
611 1607 759 1673 dominio
782 1610 941 1694 usurpari.
967 1608 1114 1688 Quarum
1128 1610 1263 1673 nomina

212 1712 269 1775 lric
305 1711 565 1777 subtitulantur:
632 1711 876 1797 Beningwrthe,
916 1711 1094 1792 Heamtun,
1134 1712 1262 1799 Uptun,

214 1812 358 1887 Wittuu,
388 1815 512 1893 Aruue,
535 1812 705 1891 Ecleshall,
741 1813 921 1900 Raggeleie,
956 1813 1109 1890 Saltford,
1142 1814 1263 1880 Euthe-

213 1917 332 1993 ristun‚
357 1917 483 1993 Brome,
507 1915 677 1990 Gral'tune
702 1915 902 1992 Ceastestnn
918 1923 952 1981 et
974 1917 1039 1980 alia
1061 1915 1262 1993 Oeasteltun,

214 2018 421 2096 Cornuuelle,
446 2019 648 2100 Quenintun,
683 2018 831 2103 Sciptun,
864 2018 1017 2095 Sultford,
1053 2019 1264 2096 Deorneford,

214 2124 329 2200 Stoke‚
355 2121 530 2198 Hudicote‚
555 2122 794 2208 Poppeuurthe,
818 2121 1010 2199 Dorsintun,
1034 2122 1195 2202 Milecote,
1230 2130 1265 2189 et

213 2225 280 2288 aliu
305 2224 464 2299 Milecote,
480 2225 600 2301 Actun,
618 2223 823 2300 Branesford,
839 2223 1052 2301 Winleshale,
1077 2225 1263 2303 Bivintone,

216 2327 388 2400 Bndiford,
412 2326 582 2404 Eunilade,
606 2325 796 2403 Deilesford,
820 2326 986 2404 Westuue,
1011 2327 1133 2392 Leinch
1165 2350 1264 2414 quam

217 2431 333 2495 Ursini
357 2434 475 2494 tenent
497 2434 612 2494 contra
635 2426 794 2494 Rotulum
818 2429 965 2494 Winton.
1027 2429 1077 2494 De
1101 2431 1165 2495 hiis
1187 2453 1265 2495 vero

214 2533 384 2598 Walterus
406 2532 507 2596 abbas
530 2531 688 2596 Westune
711 2530 904 2618 Humptune
936 2538 970 2596 et
992 2533 1201 2598 medietatem
1225 2536 1265 2600 de

216 2634 452 2723 Beningwrthe
469 2634 582 2722 (quom
607 2634 779 2720 Ernegrim
802 2633 929 2722 tenuit)
947 2636 1124 2713 revocavit,
1146 2638 1267 2703 medie·
1308 2647 1311 2653 '

214 2747 320 2805 tatem
358 2760 439 2804 vero
476 2760 573 2824 quam
613 2738 781 2823 episcopus
819 2737 912 2803 dedit
944 2738 1062 2804 Ansere
1094 2743 1265 2827 occupavit

217 2843 312 2908 Urso.
375 2842 441 2907 Sed
463 2864 566 2927 parvo
589 2826 664 2927 post
696 2825 842 2927 tempore
860 2841 954 2926 justo
978 2841 1040 2907 Dei
1059 2843 1184 2930 judicio
1207 2867 1266 2909 rex

215 2946 412 3011 Willielnrus
429 2949 541 3009 contra
558 2945 693 3008 fratrem
710 2944 888 3008 nefandum
911 2945 1051 3009 nimium
1075 2953 1265 3024 commotus,

213 3051 294 3115 secit
327 3072 402 3113 euru
426 3048 607 3112 durissimis
629 3047 769 3112 vinculis
801 3047 913 3112 ferreis
945 3048 1074 3133 alligari
1106 3056 1141 3114 ct
1163 3071 1266 3135 usque

216 3153 258 3217 ad
282 3153 370 3216 diem
395 3151 504 3215 obitus
528 3151 578 3214 sui
603 3151 637 3213 iu
660 3155 750 3214 arcta
773 3150 922 3215 custodio
946 3152 1059 3216 teneri.
1106 3151 1267 3216 Similiter

218 3256 283 3320 lere
307 3276 420 3319 omnes
443 3252 596 3339 perjuros
620 3252 718 3336 hujus
741 3250 883 3316 ecclesiae
906 3252 1020 3316 divina
1052 3252 1137 3317 ultio
1170 3255 1266 3318 citius

216 3380 257 3421 ox
281 3359 341 3421 lruc
364 3357 434 3421 lucc
456 3355 684 3420 miserabiliter
706 3352 860 3418 extinxit.
902 3354 969 3418 Iste
992 3355 1100 3431 obbas,
1116 3356 1192 3422 licet
1215 3347 1266 3421 tot

217 3462 312 3525 terris
347 3461 505 3547 privatus,
528 3480 701 3522 numerum
735 3463 845 3521 tamen
880 3457 1019 3521 fratrum
1055 3464 1090 3522 et
1124 3460 1264 3545 rigorem

219 3565 342 3628 ordinis
365 3563 500 3626 sollicite
523 3563 626 3625 auxit.
667 3561 741 3646 lpse
758 3567 868 3625 tamen
890 3562 995 3647 primo
1017 3561 1095 3627 fecit
1113 3562 1265 3628 clericum

220 3669 375 3732 decanum
407 3671 441 3730 et
473 3663 682 3729 senescallum
711 3663 786 3747 jure
817 3663 1024 3728 haereditario
1059 3666 1099 3732 de
1134 3688 1266 3731 consan-

221 3771 345 3855 guineis
382 3769 457 3846 suis
504 3769 609 3853 priore
647 3765 819 3831 senescallo
857 3774 974 3832 amoto.
1036 3767 1127 3833 Fecit
1165 3770 1264 3834 etiam
1278 3789 1365 3839 Absor

222 3880 351 3960 cryptas
374 3878 407 3936 ct
430 3869 595 3935 ecclesiam
618 3869 765 3955 superius
788 3891 889 3954 usque
912 3871 954 3934 od
978 3892 1103 3948 navem,
1128 3856 1412 3975 <ericc1›tu}l‚}¹:¹¹{{}¹”the

223 3977 302 4040 turri
319 3997 417 4060 quoru
441 3995 508 4037 non
531 3972 666 4058 perfecit
689 3971 754 4035 nisi
777 3994 871 4036 arcus
894 3978 928 4035 et
952 3973 1072 4058 primas
1096 3974 1263 4054 fenestras,
1277 3993 1431 4055 crypts,anu

223 4080 362 4142 maxime
394 4078 434 4139 dc
468 4075 606 4162 pecunia
638 4063 735 4159 quam
769 4073 951 4159 Ageluuius
989 4073 1090 4137 abbas
1123 4076 1166 4139 nd
1204 4057 1410 4173 lrocffirffi

223 4204 299 4266 opus
324 4179 507 4264 reliquerat,
554 4177 692 4240 Vineam
716 4175 815 4240 etiam
847 4176 937 4240 ultra
967 4197 1085 4261 aquam
1120 4177 1174 4242 illo
1197 4179 1262 4264 pri-
1276 4190 1407 4241 farasrho

222 4285 318 4346 ruilus
353 4283 422 4345 fieri
455 4282 538 4345 fecit.
586 4279 686 4342 Terra
720 4279 760 4342 de
784 4277 954 4342 Hildcdun
979 4286 1013 4343 et
1037 4278 1262 4344 Peuuurtluuu
1276 4260 1431 4374 ffifflffi

223 4383 368 4449 llocuuic
391 4390 425 4449 ct
448 4383 582 4469 piscatio
605 4380 693 4467 apud
716 4380 921 4444 Tlrelcuuolle
943 4401 1002 4444 suo
1025 4386 1169 4467 temporo
1192 4382 1414 4447 red-theuso.

223 4487 296 4553 uuo
322 4495 402 4551 suut
426 4487 500 4550 lruic
523 4484 672 4550 ccclesias.
720 4483 835 4548 Libros
858 4484 979 4548 multos
1001 4482 1087 4549 fecit
1134 4485 1265 4550 Dicitur

601 4758 608 4786 ¹
621 4752 736 4817 coucilia]
750 4751 862 4808 consilia,
874 4750 928 4800 MS.
