3270 5656
500 790 702 843 ouaourcou
725 789 882 841 renarra
905 792 952 840 an
975 790 1143 841 evasum.
1303 773 1346 845 87

295 1001 369 1065 poro
393 978 532 1045 Waltcri
563 979 699 1055 abbatis,
721 979 899 1044 monachus
932 978 1046 1055 fractura,
1070 978 1219 1065 plurimis
1250 980 1345 1044 :annis
1399 995 1467 1047 Μ).

295 1080 410 1147 vivens
443 1081 480 1147 in
511 1082 598 1147 bona
630 1082 876 1147 conversatione
907 1085 1020 1145 sancto
1050 1080 1115 1145 fine
1152 1081 1279 1166 quievit
1308 1083 1345 1147 in
1362 1066 1509 1141 ¹⁰⁵4¹⁰⁵⁹.

295 1206 379 1269 paee.
440 1183 533 1249 Fecit
555 1185 654 1249 etiam
685 1184 772 1249 idem
800 1183 904 1247 abbas
928 1183 1083 1246 Mannius
1106 1183 1225 1247 feretra
1254 1184 1343 1249 beati

295 1285 406 1351 Odulfi
430 1293 465 1353 et
487 1287 593 1351 sancti
614 1286 777 1365 Credani;
807 1284 968 1350 missalem
988 1284 1110 1349 librum
1133 1290 1232 1370 atque
1255 1286 1345 1350 Psal-

294 1387 413 1453 terium
435 1410 591 1474 magnum
607 1389 736 1474 propria
758 1410 857 1452 manu
881 1387 1052 1473 descripsit
1075 1410 1113 1450 ac
1135 1387 1344 1453 laudabiliter

293 1490 452 1577 depinxit,
475 1513 535 1555 nec
565 1512 632 1555 non
662 1494 696 1554 et
734 1489 829 1577 plura
857 1490 923 1554 alia
952 1511 1050 1576 opera
1087 1489 1164 1553 huic
1201 1490 1343 1557 ecclesiae

292 1593 501 1659 laudabiliter
523 1597 675 1679 opreretus
698 1599 755 1657 est.
815 1592 905 1656 Ante
935 1598 1059 1678 septem
1082 1592 1148 1656 fere
1177 1614 1279 1657 annos
1301 1614 1343 1657 ex
1355 1609 1501 1676 Mannyin-

292 1694 350 1759 hac
372 1694 444 1760 luce
467 1717 534 1760 suae
556 1694 859 1781 transmigrationis,
869 1695 1053 1780 justissima
1075 1694 1139 1759 Dei
1161 1695 1342 1775 clementia,
1355 1677 1509 1796 {apapintateu

291 1798 483 1885 patientiam
499 1798 569 1882 ejus
591 1796 703 1862 volens
724 1797 861 1884 probare
883 1797 970 1862 sicut
991 1801 1026 1862 et
1048 1797 1153 1861 sancti
1175 1796 1198 1860 J
1200 1798 1250 1871 eb,
1273 1760 1424 1884 per-lybii.

291 1900 380 1965 misit
416 1922 493 1966 eum
537 1901 699 1965 incurrere
735 1900 961 1986 gravissimam
992 1904 1091 1985 atqam
1128 1900 1341 1964 insanabilem

290 2003 430 2089 corporis
461 2002 689 2068 infimitatem
719 2024 818 2086 quam
841 2001 936 2066 Greci
954 2001 1141 2088 paralysin
1166 2001 1341 2087 appellunt,

290 2105 337 2169 ita
368 2104 605 2181 audissemus
635 2104 788 2169 omnibus
810 2105 964 2169 membris
975 2103 994 2181 ¹,
1017 2104 1106 2169 ultra
1127 2125 1194 2168 nou
1217 2105 1340 2169 valeret

288 2207 413 2293 aliquid
428 2207 598 2294 disponere
621 2208 661 2271 de
684 2206 749 2271 ista
762 2205 902 2270 abbatia

288 2496 337 2563 Dc
360 2495 585 2583 aarapb‘utioue
606 2493 707 2581 bajus
729 2495 871 2561 coerrobii
890 2517 953 2581 per
976 2494 1168 2560 AEleciecam
1190 2495 1340 2562 abbatem

569 2605 599 2663 ct
620 2598 815 2685 naupraaficr‘s
836 2599 906 2683 ejus
927 2597 1062 2663 actibus.

331 2779 406 2859 Qua
427 2779 469 2843 dc
492 2800 526 2842 re
549 2779 703 2864 prudenti
726 2801 804 2842 usus
834 2778 970 2843 consilio
1004 2781 1167 2865 quendam
1198 2782 1238 2845 de
1269 2782 1336 2846 suis
1350 2787 1461 2858 Agelwy

287 2881 479 2945 monachum
502 2880 601 2966 elegit
623 2880 720 2944 adid
743 2880 885 2945 officium
907 2880 1052 2946 honestis
1074 2883 1219 2947 moribus
1241 2884 1337 2948 valde
1350 2872 1480 2975 ffifss}

288 2984 467 3069 probatum,
490 2987 558 3046 tam
581 2983 709 3069 generis
739 2983 911 3047 nobilitate
934 3006 1032 3069 quam
1062 2984 1175 3049 divina
1204 2986 1274 3072 lege
1296 3010 1333 3050 ac
1349 2998 1374 3037 at
1383 2991 1503 3043 Gloucea

287 3086 430 3150 saeculari
461 3085 636 3171 prudentia
667 3085 843 3172 plurimum
866 3085 1039 3162 valentem,
1072 3088 1204 3152 nomine
1234 3090 1332 3174 Agcl-
1345 3063 1501 3186 limma

287 3189 430 3263 aninum,
454 3189 510 3273 qui
538 3188 641 3251 multo
672 3194 769 3251 antea
783 3192 929 3273 tempore
959 3190 1182 3276 episcopatum
1206 3191 1332 3276 Wigor-

287 3291 391 3353 nensis
420 3289 562 3354 ecclesiae
594 3288 654 3353 sub
685 3290 828 3354 Aldredo
858 3291 1096 3377 archiepiscope
1127 3292 1335 3356 laudabiliter

287 3392 434 3465 rexerat?
449 3397 483 3456 et
492 3414 580 3456 nunc
592 3390 652 3454 sub
665 3393 780 3478 eojure
790 3392 957 3479 praepositi
966 3393 1070 3456 totius
1085 3394 1226 3459 abbatim
1236 3394 1334 3480 hujus

286 3515 392 3557 curam
407 3494 532 3579 agebat.
579 3494 673 3557 illisit
688 3517 815 3579 quoquc
830 3516 905 3558 eum
921 3517 995 3557 cum
1010 3495 1206 3580 quibusdam
1222 3497 1332 3561 fratri-

287 3595 342 3661 bus
362 3604 397 3660 et
419 3595 664 3660 honorabilibus
688 3596 896 3660 sacularibus
911 3597 1055 3683 personis
1070 3599 1111 3662 ad
1127 3621 1235 3686 regem
1252 3601 1330 3664 AErl·

287 3698 445 3763 uuardum
456 3698 612 3784 gravibus
628 3698 748 3763 morbis
761 3699 985 3765 demonstrans
1000 3724 1034 3765 so
1049 3725 1116 3766 esse
1133 3725 1329 3789 oppressum,

288 3822 375 3865 amris
399 3808 433 3864 et
448 3802 592 3865 multum
607 3801 792 3888 supplicans
808 3808 847 3866 ut
862 3803 938 3866 huic
961 3803 1032 3867 viro
1048 3804 1214 3869 abbatiam
1231 3806 1328 3870 istam

334 3970 338 3975 .
357 3967 592 3975 ....--.——
605 3967 636 3973 --
653 3968 678 3972 —-
703 3968 721 3972 --
737 3968 864 3974 .-.----.
880 3969 894 3975 .·
916 3970 988 3975 .-,-.
1017 3971 1318 3980 --..--,,,,

316 4056 456 4121 Ιηιεηιόήε]
471 4056 590 4113 menbris,
604 4055 659 4106 MS.
803 4068 806 4127 Ῑ
827 4058 900 4105 could
911 4058 970 4122 only
986 4059 1049 4109 haro
1067 4063 1130 4110 been
1145 4060 1216 4126 oster
1234 4066 1274 4114 his
1285 4082 1327 4129 ap·

315 4137 450 4193 ²Euldred
471 4135 559 4198 bishop
582 4134 612 4182 of
631 4134 781 4194 worcester,
803 4140 805 4169 ¹
825 4136 963 4198 pointment
976 4139 1213 4204 totlr‹·al›bacy‚not
1226 4145 1327 4193 “multo

288 4231 332 4263 vas
359 4216 455 4266 elected
483 4224 509 4261 ro
530 4215 572 4263 the
596 4214 780 4277 archbishoprie
826 4220 841 4241 “
854 4224 927 4264 antea
935 4218 1070 4278 tempore.u
1098 4219 1325 4287 Thedatensnally

286 4296 312 4341 os
325 4296 392 4343 York
407 4300 439 4342 25
458 4294 516 4341 Dec.
533 4299 604 4345 luto,
617 4295 660 4339 but
671 4293 778 4340 retained
826 4296 938 4355 assigned
958 4304 983 4342 a»
1003 4296 1132 4359 aleelwy's
1155 4302 1324 4363 appoinrmam

287 4375 331 4421 also
360 4375 399 4422 bis
429 4374 518 4420 forrncr
553 4390 593 4420 rec
621 4372 681 4419 rnrtil
709 4377 778 4420 lusu
827 4375 846 4421 is
859 4376 911 4422 ibat
923 4378 953 4421 ol'
970 4376 1034 4422 ab.
1051 4382 1120 4431 1⁰58,
1141 4382 1182 4426 bnt
1204 4381 1246 4429 tbc
1266 4400 1320 4445 pns-

289 4452 313 4505 ls.
333 4452 463 4510 rberelbre,
486 4452 528 4500 na
550 4458 604 4499 text
622 4467 708 4500 means
726 4451 779 4499 lber
801 4482 803 4525 ἰ
825 4470 883 4515 sarge
895 4454 971 4502 belna·
987 4455 1065 4503 wbieb
1086 4459 1209 4507 mentions
1227 4462 1280 4510 tbat
1292 4464 1323 4510 ln·

289 4531 387 4596 Agelwy
401 4533 473 4580 acted
485 4546 512 4579 us
523 4531 653 4580 Ealdred's
665 4531 779 4578 commis-
800 4580 803 4605 ι
824 4532 882 4581 bold
893 4533 932 4581 bis
943 4534 1013 4582 office
1025 4536 1063 4582 ser
1071 4551 1145 4585 seren
1154 4554 1225 4602 years
1234 4543 1324 4605 during

288 4626 335 4675 stry
347 4611 423 4659 while
435 4610 477 4658 the
494 4611 573 4665 latter,
585 4625 612 4658 as
624 4609 778 4672 arebbishop.
800 4611 802 4675 l
824 4613 866 4660 ibe
878 4614 947 4675 reign
968 4616 997 4661 of
1013 4614 1080 4662 lllw.
1095 4615 1175 4678 Confi,
1194 4621 1285 4669 carries
1304 4623 1322 4670 ir

288 4688 337 4739 held
359 4690 502 4740 worcester
525 4690 550 4737 ia
572 4687 736 4747 commendem,
759 4690 778 4737 it
799 4694 802 4733 Ι
822 4707 855 4739 on
867 4707 914 4740 ene
926 4708 985 4755 year
997 4693 1067 4742 later.
