3264 5662
490 805 693 860 cnuourcen
715 804 875 862 senuna
897 806 944 860 nu
967 805 1137 863 evaserat
1275 791 1337 865 175

287 996 530 1052 communionem.
579 994 655 1053 sano
680 995 839 1064 dignitates
868 1001 899 1051 ot
924 995 1075 1053 libertates
1106 1012 1205 1053 omnes
1241 999 1507 1054 sanctoA.l).12061

288 1081 446 1152 Ecgwinc¹
460 1081 596 1152 episeopo
613 1078 726 1151 ipsius²
744 1079 801 1134 loci
820 1079 966 1135 fundatori
985 1098 1019 1136 ac
1037 1081 1223 1152 postmodum
1242 1080 1340 1137 abbati
1379 1068 1481 1136 [¹¹³⁸]

287 1165 324 1221 nb
349 1166 511 1238 apostolica
536 1165 605 1221 scdc
631 1182 783 1220 concessas
809 1170 840 1219 et
866 1165 976 1236 scripto
1000 1165 1193 1231 confirmatas,
1220 1181 1340 1221 consus-

287 1249 404 1307 tudinos
423 1250 513 1305 etiam
532 1267 605 1320 quas
623 1248 787 1320 peculiares
806 1248 870 1318 ejus
896 1249 1001 1304 meritc
1024 1249 1177 1319 hnensqne
1202 1249 1339 1306 tenuistis

286 1334 317 1390 in
335 1333 492 1406 parochiis,
518 1333 549 1387 in
572 1332 818 1404 processionibus,
838 1331 1127 1398 inordinationibus,
1153 1333 1339 1389 inconvulsas

285 1419 368 1475 robis
386 1435 506 1474 manere
525 1417 682 1474 sancimus.
728 1416 764 1471 Iu
783 1417 938 1472 chrismate
958 1417 993 1472 ab
1012 1417 1148 1490 episeopo
1172 1417 1339 1490 accipiendo

285 1508 316 1559 ct
339 1520 392 1574 per
420 1502 559 1559 ecelesias
586 1508 700 1558 vestras
726 1500 820 1571 gratis
846 1501 1056 1567 distribuendo,
1083 1503 1160 1558 sieut
1187 1502 1339 1574 hucusque

286 1586 481 1643 consuevistis
506 1587 639 1642 teneatis.
688 1584 852 1640 Statuirnns
881 1585 1011 1656 insuper,
1044 1603 1087 1650 ao,
1116 1586 1338 1656 praedecessoris

286 1671 379 1726 nestri
399 1671 495 1726 felicis
514 1670 664 1725 meruerim
684 1668 867 1725 Constantini
889 1688 972 1740 papie
992 1670 1130 1741 vestigiis
1151 1670 1336 1735 inhaerentes,

287 1753 491 1811 decrevimns⁸
510 1760 544 1810 ut
556 1753 739 1810 selummodo
757 1771 846 1824 penes
865 1760 894 1808 tc
913 1761 943 1809 et
961 1772 1145 1810 successores
1163 1765 1230 1811 tuce
1248 1756 1338 1812 totius

286 1839 392 1895 domus
411 1845 441 1894 et
459 1838 590 1894 ccclesias
609 1845 668 1893 turc
688 1843 719 1893 ot
742 1838 868 1892 aliorum
891 1837 1023 1894 locorum
1048 1838 1085 1895 ad
1106 1839 1227 1894 eandem
1246 1839 1337 1895 ecclc·

286 1924 361 1978 eiam
392 1922 602 1995 pertinentium
642 1921 798 1992 pastoralis
829 1939 900 1976 eura
929 1922 1078 1988 consistat,
1114 1930 1145 1980 et
1180 1923 1338 1980 curandam

286 2007 442 2073 ordinatio,
475 2007 552 2063 sieut
587 2008 729 2062 haetenus
766 2012 812 2062 est
841 2007 1037 2073 observatum,
1070 2008 1102 2062 in
1131 2015 1183 2065 tua
1213 2015 1243 2065 et
1273 2027 1337 2065 sno·

284 2109 436 2147 cessurum
472 2098 586 2146 tantum
623 2097 740 2146 tuorum
773 2096 917 2161 potestat-e
953 2097 1130 2163 permaneat,
1169 2093 1250 2148 salva
1286 2111 1338 2165 per

284 2177 384 2233 omnia
407 2175 486 2232 sedis
510 2175 684 2231 arroteritate
705 2175 881 2247 apostolicae.
915 2175 947 2230 Si
966 2177 1032 2246 quis
1051 2194 1120 2233 sane
1139 2176 1170 2232 in
1186 2184 1337 2249 postorum

284 2262 359 2319 hanc
377 2267 509 2315 nostram
530 2259 768 2315 constitutionem
790 2259 884 2314 sciens
906 2267 1007 2315 centra
1025 2279 1089 2314 cem
1108 2267 1218 2316 temere
1237 2263 1337 2317 venire

283 2345 452 2408 tentaverit,
475 2344 628 2415 potcstatis
652 2343 830 2412 honorisque
855 2344 902 2398 sui
926 2344 1090 2415 pericnlum
1114 2346 1252 2415 patiatur,
1273 2352 1303 2400 et
1320 2363 1338 2400 a

283 2429 486 2486 saeratissimo
511 2445 631 2499 corporo
656 2434 686 2482 ot
710 2428 852 2497 sanguine
878 2427 996 2482 Domini
1021 2429 1113 2483 nostri
1134 2429 1206 2483 Jcsn
1226 2429 1336 2484 Christi

283 2515 397 2569 alicnus
417 2514 476 2576 fiat,
498 2518 585 2583 atquc
607 2511 638 2565 in
660 2524 789 2565 extremo
815 2511 946 2566 examine
972 2511 1113 2567 districtas
1139 2511 1243 2566 ultioni
1270 2513 1337 2567 sirb-

280 2599 388 2669 jaccat.
429 2596 642 2651 conservantes
667 2601 765 2650 antem
790 2595 862 2658 boee,
890 2595 1096 2666 omnipotentis
1121 2595 1177 2650 Dei
1203 2602 1233 2651 et
1258 2597 1336 2652 beati

285 2682 367 2736 Petri
379 2698 413 2735 ac
426 2680 511 2735 Pauli
524 2680 722 2751 apostolorum
735 2679 808 2749 Ejus
822 2679 949 2748 gretiam
968 2687 1191 2751 consequantur.
1230 2680 1334 2746 Arnen,

284 2767 388 2828 Amen,
408 2765 526 2819 limen.⁴
562 2765 627 2834 Ege
646 2763 833 2818 Innocentius
853 2763 1003 2819 catholicas
1027 2766 1158 2820 eeclesia)
1183 2765 1336 2837 episcopus

284 2849 459 2906 subscribo.⁵
504 2849 569 2917 Ego
595 2848 690 2902 Lucas
715 2848 871 2919 presbyter
895 2848 1052 2904 cardinalis
1071 2848 1150 2905 tituli
1170 2856 1336 2906 sanctornm

284 2933 427 2989 Joharmis
458 2939 488 2987 ct
515 2932 600 2986 Pauli
627 2932 787 2987 subscribo.
835 2932 944 2988 Datum
972 2934 1107 2989 Laterani
1137 2952 1191 3005 per
1217 2953 1336 2990 manum

285 3018 426 3072 Almerici
451 3022 557 3071 sanct‘c
583 3016 721 3070 Romnum
746 3015 878 3070 ecclesius
903 3015 1016 3071 diaconi
1040 3018 1196 3072 cardinalis
1219 3026 1249 3074 ct
1270 3037 1335 3074 can·

283 3102 405 3164 cellarii,
428 3107 509 3154 sexto
530 3099 644 3153 dceimc
663 3099 777 3153 kalend.
799 3100 880 3164 Maii,
901 3100 1059 3156 indictione
1080 3103 1215 3166 sentrude,
1237 3103 1335 3156 Insur-

283 3185 410 3240 nntionis
424 3184 585 3238 Dominicas
606 3201 680 3237 nunc
698 3183 856 3237 millesimo
875 3185 1035 3239 centesimo
1054 3186 1204 3239 tricesimo
1222 3194 1333 3250 octavo,

286 3270 468 3343 pontificatus
487 3267 596 3323 demini
616 3267 779 3322 Innocentii
797 3285 880 3339 popm
899 3268 1019 3323 sccirndi
1038 3286 1112 3323 nnnc
1131 3269 1250 3324 decimo.

518 3512 751 3602 Pricilcpinm
774 3515 971 3584 Alexandri
994 3517 1096 3585 tertii.
1347 3531 1414 3651 a?
1430 3540 1500 3586 neu.

1400 3618 1448 3653 nne
1461 3609 1483 3653 5.

319 3665 485 3721 Alexander
516 3664 679 3737 episcopus,
709 3683 811 3720 servus
841 3683 993 3723 serverum
1021 3668 1087 3734 Dei,
1119 3668 1235 3727 dilectis
1266 3672 1335 3728 filiis

288 3751 355 3807 ada
383 3751 481 3806 abbati
509 3750 680 3805 merrestcrii
705 3750 930 3806 Ereebamensia
957 3753 1079 3824 ejusque
1105 3755 1244 3810 fratribus
1276 3763 1334 3812 tam

290 3836 477 3906 praesentibus
503 3852 591 3906 quum
618 3833 724 3888 suturis
749 3834 917 3903 regularem
942 3836 1033 3891 vitam
1060 3839 1197 3906 professis
1218 3842 1248 3895 in
1271 3860 1335 3911 pcr-

291 3929 413 3989 potuum.
453 3919 515 3974 Pioe
536 3919 693 3991 postulatio
718 3919 877 3974 voluntatis
902 3920 1008 3974 ellectu
1032 3921 1119 3976 debet
1142 3931 1334 3994 prosequente

292 4003 433 4075 compleri,
454 4008 488 4058 nt
511 4010 542 4057 ct
564 4002 725 4059 dcvcticnis
751 4004 904 4078 sinceritas
931 4003 1116 4059 landabiliter
1142 4007 1282 4061 enitescat
1306 4014 1336 4062 ct

292 4089 395 4143 utilitas
434 4088 581 4158 postulata
619 4088 697 4141 vires
743 4088 940 4144 indubitanter
979 4093 1117 4143 aestimat.
1180 4090 1331 4158 Quocirca,

294 4172 383 4227 dilecti
404 4173 433 4226 in
453 4173 577 4226 Domino
596 4170 659 4234 filii,
678 4172 786 4226 restris
803 4172 893 4242 justis
914 4171 1156 4242 pustulationibus
1175 4174 1334 4229 clementer

290 4259 448 4322 annuimus,
469 4264 499 4311 et
523 4256 677 4325 praefatum
702 4258 910 4312 monasterium
930 4257 960 4311 in
982 4274 1039 4327 quo
1057 4256 1157 4313 divino
1175 4259 1332 4328 mancipati

311 4444 430 4450 .-.-.„.⁷.
448 4441 736 4448 .-———--————-——-
764 4441 985 4446 ——-—-——·-—--
1059 4441 1068 4444 -
1140 4441 1163 4447 v·
1184 4442 1189 4447 ·
1225 4442 1333 4450 ’.ηπ-

326 4560 789 4628 ¹Erycino]ngino,Veep.B.xxiv.
867 4559 1021 4627 ‘Amen-1·
1054 4562 1118 4611 lbid.

326 4641 560 4707 ’irreinjejiudem
597 4641 659 4689 lbid.
868 4637 921 4702 5-1-
963 4640 1026 4688 lbid.

326 4719 498 4786 'decret-inna]
511 4720 675 4772 dicernimus.
710 4718 774 4770 lbid
