3270 5656
293 765 358 828 138
492 778 693 829 onuomoou
717 776 875 827 snmrrn
898 776 944 826 nn
967 775 1134 827 mmm

291 1172 485 1238 Deileonta
517 1172 740 1239 rmetrouereio
776 1181 806 1238 ot
843 1171 1052 1239 ‹tissoneiono
1083 1175 1270 1237 eminentias
1300 1167 1339 1234 ‹lr

379 1274 589 1359 subjiciendo
628 1299 660 1342 se
701 1274 944 1361 jurisdictioni
992 1272 1141 1360 epiuopi
1178 1270 1231 1337 vei
1268 1292 1336 1336 non

379 1377 593 1464 mrbjioienrlo.

124 1603 192 1655 ΔΙ).
208 1609 278 1654 ¹20⁴.
337 1596 517 1684 Episeopus
539 1619 617 1662 vero
648 1599 798 1685 quamvis
836 1620 901 1663 non
938 1603 1046 1684 posset
1080 1593 1338 1682 impeditoque

123 1683 280 1800 mm
291 1698 401 1764 minus
423 1699 539 1765 relatio
572 1700 666 1766 fieret
699 1705 734 1766 et
768 1722 866 1766 eausa
897 1722 995 1786 snper
1016 1698 1218 1786 proprietate
1241 1694 1338 1760 finem

125 1826 151 1865 ιο
162 1815 265 1867 eoncili—
291 1802 465 1868 sortiretur
477 1803 669 1888 legitimum,
684 1809 795 1869 temen
811 1803 979 1889 cogitabat
988 1800 1164 1866 monachos
1180 1798 1339 1867 aeduum.

124 1883 221 1999 ἓξὲξ
292 1927 342 1980 ne,
366 1904 526 1981 videlieet,
551 1906 712 1973 instarent
745 1906 832 1993 quod
869 1906 903 1970 in
936 1904 1091 1992 petitorio
1120 1902 1249 1989 judicio
1275 1899 1339 1967 cito

292 2009 558 2084 sententiaretur,
585 2015 619 2074 et
648 2032 703 2074 eos
725 2009 865 2095 benigne
888 2008 1053 2083 titubavit,
1075 2009 1110 2071 et
1132 2024 1246 2070 omues
1267 2023 1340 2069 eou-

294 2110 483 2176 suetudines
515 2110 630 2175 domus
664 2112 709 2175 eis
744 2110 867 2203 habere
897 2110 982 2186 lecit
1005 2116 1040 2175 et
1062 2112 1187 2174 statum
1212 2105 1340 2172 illorum

296 2214 329 2277 in
353 2213 470 2277 melius
493 2213 693 2289 resonnnvit,
716 2221 750 2279 et
781 2234 990 2300 quoscunque
1014 2211 1133 2277 habere
1166 2208 1280 2297 potuit
1299 2205 1340 2273 ul

294 2316 489 2381 sumendum
524 2315 632 2380 eibum
667 2337 775 2381 secum
802 2316 889 2403 npud
914 2314 1109 2381 Fladeburie
1136 2312 1288 2389 delduxit,
1309 2316 1342 2377 et

293 2419 413 2482 multos
436 2419 575 2484 muluxit.
623 2418 663 2482 In
691 2425 822 2483 tantum
845 2417 933 2505 quod
956 2417 1052 2483 multi
1076 2417 1224 2481 (licerent
1256 2412 1342 2503 qnod

293 2521 414 2586 bonum
438 2530 508 2587 ernt
530 2522 647 2609 subjici
670 2523 819 2609 episeopo
842 2544 899 2609 per
921 2543 1017 2607 quem
1050 2526 1120 2586 tam
1153 2519 1221 2584 cito
1242 2515 1343 2584 tutem

293 2630 326 2687 et
350 2632 477 2689 tautam
502 2631 610 2690 status
632 2626 684 2689 sui
707 2625 871 2691 oonseeuti
894 2630 988 2689 erant
1020 2622 1286 2688 reformationem
1308 2625 1343 2686 et

293 2727 545 2805 oorreetionem;
567 2727 724 2812 eligentes
746 2748 821 2792 oum
845 2725 965 2814 populo
980 2724 1144 2811 quondam
1162 2722 1344 2789 lsmolitioo

295 2850 481 2914 pemmnere
505 2830 538 2893 in
561 2830 721 2894 servituto
743 2830 828 2894 sieut
861 2829 908 2892 illi
942 2827 1201 2915 eoncupivemnt
1232 2823 1344 2892 sedern

296 2931 329 2994 in
346 2931 492 3018 AEgppto
516 2931 704 3018 superollna
726 2954 859 2997 esmeas
875 2932 979 3018 magis
994 2952 1092 3017 qurun
1115 2936 1168 2996 tot
1190 2936 1226 2995 et
1240 2927 1345 2995 tant'u

296 3032 462 3096 laboribus
484 3040 518 3098 et
541 3033 659 3099 inediis
681 3039 715 3098 et
738 3033 821 3098 forte
845 3035 878 3098 in
902 3056 1023 3099 vanum
1047 3032 1196 3098 toleratis
1217 3030 1262 3097 ad
1284 3029 1344 3097 luci

294 3136 398 3200 suncti
429 3143 465 3201 et
501 3137 552 3200 sui
591 3136 692 3223 ipsius
726 3135 911 3201 libertatem
946 3136 1117 3201 elaborare.
1187 3134 1267 3200 Non
1297 3131 1345 3200 illi

293 3238 510 3303 nttendebunt
537 3239 646 3304 miseri
678 3239 757 3325 quin
787 3239 951 3305 eeclesiam
984 3239 1119 3304 libemm
1157 3238 1263 3305 immo
1295 3236 1345 3303 in·

294 3361 433 3425 genuam
457 3347 569 3406 nntnm
593 3340 745 3406 meillnre
768 3348 803 3407 et
827 3343 860 3407 in
883 3342 1077 3408 servitutem
1101 3339 1274 3407 retrudere
1294 3346 1346 3407 me

296 3441 399 3508 loeum
432 3450 581 3509 sonetum
624 3444 803 3531 profanam,
830 3445 908 3531 quin
942 3443 1070 3531 profani
1103 3441 1346 3509 inhabitatore

296 3546 366 3611 hmo
399 3548 600 3612 sustinerent
633 3547 711 3612 dum
745 3548 928 3614 mortaliter
966 3545 1128 3634 peeoando
1160 3545 1347 3633 gauderent

295 3653 330 3712 et
352 3647 564 3735 epularentur
586 3648 627 3713 de
650 3650 745 3715 bonis
779 3651 929 3726 eoelesirr,
952 3650 1072 3736 quibua
1106 3649 1178 3736 ipsa
1211 3647 1346 3717 desoffli

129 3758 240 3810 nean·
295 3748 430 3815 deberet
463 3773 504 3816 ne
536 3751 570 3815 in
605 3753 798 3818 servitutem
834 3752 1072 3820 detruderetur.
1152 3751 1347 3821 Neseieutu

128 3827 252 3957 {2⁰3³
295 3853 395 3916 etium
427 3875 524 3918 onem
557 3854 760 3941 episcopalia,
794 3856 889 3942 quod,
919 3856 1081 3931 videlieet,
1111 3878 1178 3921 non
1211 3861 1348 3924 tantm

128 3958 245 4010 neuin
256 3957 286 4007 os
294 3956 392 4021 semel
431 3957 465 4019 in
496 3979 590 4032 anno,
624 3958 680 4022 sed
718 3961 870 4045 quotiens
907 3982 989 4046 opus
1027 3960 1128 4025 luerit
1164 3959 1348 4026 secumdum

129 4026 263 4143 vimis„
295 4082 434 4124 oenones
457 4060 608 4124 visitabit
631 4062 800 4148 episeopus
822 4063 1019 4127 monasteris
1041 4062 1105 4126 sibi
1130 4060 1290 4148 subjecta,
1311 4066 1350 4128 et

296 4163 479 4250 pmcumtio
501 4163 725 4229 visitationem
740 4186 867 4250 semper
880 4166 1064 4240 comitatur,
1078 4170 1113 4231 et
1129 4186 1194 4230 non
1211 4171 1348 4235 tantum

297 4267 436 4353 episeopi
467 4266 523 4331 sed
554 4267 653 4331 etiam
693 4267 912 4332 archidianoni
954 4267 1105 4333 officiales
1135 4274 1170 4334 et
1200 4269 1347 4338 ministri

297 4391 408 4434 eorum
445 4369 478 4432 in
519 4390 673 4454 nmgnum
706 4391 884 4455 grnvnmen
922 4371 1193 4436 monasteriorum
1225 4371 1349 4440 admit·

298 4477 425 4546 tuntur,
447 4476 482 4535 et
504 4472 580 4556 eqni
612 4492 722 4536 eornm
755 4470 797 4535 nd
830 4471 1133 4557 perhendinandum
1162 4472 1268 4540 donee
1289 4495 1350 4563 per

298 4594 422 4637 mnmrn
457 4573 503 4637 ibi
542 4573 774 4650 meliomntur;
823 4581 857 4639 et
895 4577 994 4640 etiam
1032 4575 1182 4643 redditus
1218 4598 1351 4644 monn·

300 4677 457 4741 tortorum
480 4675 604 4742 clericis
636 4677 859 4764 episeoporum
881 4685 916 4743 et
938 4678 1237 4747 mehidiaoonomm
1271 4701 1350 4749 oua·
