3270 5656
421 771 622 823 cnnomoou
646 770 803 822 immun
826 772 873 821 ns
896 771 1065 822 nussum.
1201 758 1266 822 253

219 963 432 1049 depositionis
452 985 529 1043 sum,
546 964 700 1028 misertus
723 962 812 1027 illins
837 961 989 1026 dominus
1006 958 1187 1026 Pundulfus
1213 959 1269 1045 qui

219 1070 301 1131 tunc
325 1067 497 1153 legationis
523 1066 627 1130 officio
653 1065 854 1151 fungebatur
884 1065 920 1128 in
951 1064 1083 1150 Anglii,
1114 1084 1156 1128 no
1185 1067 1271 1127 esset

218 1189 407 1254 gyrovagus
423 1168 574 1232 omnibus
596 1167 712 1232 diebus
735 1167 816 1233 vitae
832 1189 900 1232 suae
922 1167 1072 1231 restituit
1098 1166 1129 1230 ei
1148 1165 1270 1252 priora·

221 1277 294 1335 tum
325 1271 365 1335 do
396 1271 617 1349 Penwrtham,
648 1271 706 1335 ubi
738 1291 948 1355 quoscunque
979 1268 1130 1334 redditus
1159 1268 1271 1355 potuit

220 1374 400 1437 conventui
415 1374 599 1458 assignatos
614 1372 790 1437 subtraxit.
837 1371 935 1436 Vixit
960 1377 1072 1435 autem
1094 1369 1142 1435 ibi
1157 1375 1271 1457 postea

221 1475 318 1538 annis
333 1476 433 1540 ferme
448 1498 515 1551 sex,
532 1482 566 1540 et
582 1474 733 1561 quumvis
757 1473 922 1561 pendente
948 1473 1009 1537 hoo
1031 1478 1178 1559 temporo
1200 1476 1270 1536 tam

221 1577 377 1662 magister
403 1577 512 1641 Adam
539 1577 653 1642 Sortes
678 1577 759 1641 vivo
784 1598 864 1641 vooe
894 1595 993 1661 quom
1023 1596 1083 1662 ego
1113 1574 1210 1661 prior,
1237 1580 1271 1638 et

221 1700 279 1764 per
293 1680 465 1744 monachos
481 1684 515 1745 et
542 1700 600 1765 per
615 1680 704 1743 viros
727 1678 898 1743 saeoulares
913 1678 1172 1764 consanguineos
1196 1697 1272 1740 suos

221 1787 256 1845 et
278 1782 367 1858 alios,
383 1783 694 1846 commonuissemus
717 1802 801 1857 eum,
824 1781 925 1844 immo
944 1780 1217 1844 consuluissemus
1238 1784 1272 1844 et

222 1884 491 1970 supplioussomus
510 1885 549 1960 ei,
565 1883 653 1969 quod
674 1883 829 1948 scriberet
855 1882 1033 1948 conventui
1056 1888 1096 1946 ut
1116 1881 1272 1967 utrinque

222 1988 327 2051 omnis
350 1987 534 2073 indignatio
564 1986 790 2051 remitteretur
818 1985 982 2071 (quamvis
1008 2007 1067 2050 nos
1096 2008 1138 2049 ox
1162 1984 1272 2049 animo

222 2089 354 2152 omnino
380 2089 610 2172 remissemus),
627 2093 662 2151 et
684 2087 784 2152 etiom
799 2092 927 2173 peteret
950 2109 971 2151 o
995 2087 1128 2152 domino
1152 2087 1272 2151 abbate

223 2197 257 2255 et
282 2196 448 2254 conventu
476 2189 564 2275 quod
591 2191 686 2253 fieret
713 2188 915 2254 monachus²
931 2189 1147 2266 Eveshomire,
1164 2189 1273 2254 noluit

223 2293 424 2378 aoquiesoere
454 2293 558 2369 nobis,
584 2292 642 2356 sed
668 2297 818 2355 mortuus
844 2297 894 2355 est
918 2291 1041 2356 ibidem
1065 2296 1100 2355 et
1125 2291 1272 2376 sepultus

224 2397 259 2459 in
284 2396 397 2460 eodem
423 2395 500 2459 loco
559 2394 719 2474 Quamvis
744 2393 865 2479 itaque,
893 2397 932 2457 ut
962 2392 1089 2458 dictum
1119 2399 1179 2472 est,
1205 2414 1272 2457 non

224 2507 308 2562 esset
346 2496 547 2561 monachus²
577 2500 689 2560 noster
727 2501 840 2560 tomen
870 2495 923 2581 pio
953 2500 1088 2582 agentes
1129 2518 1203 2559 oum
1234 2517 1272 2558 eo

224 2599 375 2665 dominus
390 2598 492 2662 obbas
519 2603 553 2663 et
576 2603 758 2663 conventus
781 2598 830 2661 ito
853 2598 965 2662 omnio
991 2619 1050 2684 pro
1076 2619 1114 2663 eo
1140 2603 1209 2662 tom
1237 2599 1272 2661 in

224 2701 454 2788 spiritualibus
475 2723 574 2786 quom
590 2699 828 2786 temporalibus
843 2699 898 2786 agi
918 2699 1067 2765 lecerunt
1081 2722 1119 2765 no
1130 2702 1158 2764 si
1174 2701 1273 2765 Eves-

224 2804 342 2868 homine
367 2803 454 2889 opud
479 2825 539 2868 nos
564 2800 768 2867 monachus²
794 2807 907 2867 noster
933 2801 1089 2868 obiisset.a

227 3121 381 3204 Qualiter
397 3123 592 3189 tractaverit
616 3131 797 3189 conuentus
817 3145 897 3190 cum
912 3124 1017 3208 lupulo
1048 3125 1087 3190 de
1111 3125 1272 3204 electione,

315 3226 574 3311 rouftinudione
597 3232 626 3289 ot
653 3226 879 3292 benedictione
907 3226 1048 3307 abbatis,
1062 3234 1092 3292 ot
1118 3227 1274 3293 custodio

313 3329 468 3394 obeuntis
492 3327 641 3392 abbatim.

271 3465 427 3551 Deposito
449 3465 561 3550 itaquo
583 3464 703 3528 abbate
729 3464 765 3527 in
793 3463 846 3529 die
871 3469 993 3530 sanctos
1009 3464 1138 3530 Ceeilim
1154 3464 1276 3529 minuit

224 3567 287 3631 sibi
315 3568 467 3631 dominus
494 3567 631 3652 legatus,
647 3573 681 3631 et
706 3574 825 3652 quartu
852 3567 905 3632 dio
928 3574 1002 3654 post
1026 3568 1097 3634 liaeo
1123 3569 1277 3633 convenit

224 3669 394 3733 nobiseum
418 3669 454 3733 in
480 3669 634 3755 capitulo,
662 3674 702 3733 ut
728 3669 882 3734 obba-tem
909 3670 1003 3735 nobis
1024 3671 1216 3757 eligeremus
1241 3676 1275 3735 et

929 3833 932 3836 .
965 3832 982 3836 --
987 3832 1274 3841 ....—.—-——-.-.--·—-

259 3905 265 3934 ¹
287 3910 314 3953 19
336 3905 406 3968 lup.
448 3904 569 3953 Lamboth
591 3904 646 3954 MS.
668 3909 724 3963 589,
749 3920 752 3927 ·
775 3913 790 3932 ‘⁸
808 3906 870 3970 tyris
890 3906 1175 3969 uI'lrilippo'limmensi
1196 3908 1275 3957 orchi·

226 4000 250 4046 p.
263 3991 303 4037 40.
316 3986 380 4032 from
392 3985 434 4032 the
447 3984 570 4032 Ereshom
584 3984 724 4033 Obimun‘es
776 3990 790 4012 “
809 3985 932 4048 episcopo,
965 3984 1108 4035 Conuuctim
1140 3986 1275 4049 provinciae

226 4064 251 4112 iu
265 4066 355 4112 Cotton
369 4063 454 4111 l'itull.
471 4064 497 4111 ll,
509 4063 544 4110 xii
557 4065 607 4111 nnd
619 4063 681 4111 xvii.
749 4066 752 4085 ¹
776 4070 792 4091 “
810 4064 945 4119 llibemiae.
957 4065 1093 4114 relaxando
1109 4066 1274 4115 lmneluctori-

260 4141 427 4205 'rnonurlms]
442 4158 570 4199 monacus,
583 4141 639 4191 MS.
750 4148 753 4203 i
776 4150 790 4170 ¹‘
808 4145 855 4191 bus
883 4143 994 4204 ejusdem
1016 4143 1071 4192 xiii.
1096 4144 1154 4192 dies.
1200 4144 1275 4193 Istius

260 4222 341 4269 ³'l'lre
361 4221 492 4285 following
504 4236 613 4287 passage
628 4221 649 4269 is
668 4220 725 4270 here
750 4216 753 4297 J
776 4228 791 4248 ⁴·
809 4221 882 4271 etiam
918 4229 1036 4284 tompore.
1065 4222 1181 4271 videlicet
1209 4238 1276 4271 nnno

227 4301 334 4348 inserted
363 4301 388 4347 in
421 4300 490 4348 Harl.
516 4304 590 4355 3703,
622 4316 654 4347 on
684 4300 725 4348 tho
777 4307 792 4329 ‘⁸
810 4299 915 4349 Domini
927 4314 1044 4357 simum..
1056 4300 1172 4363 AEgidius
1184 4301 1276 4362 primm

227 4380 324 4442 margin
345 4381 375 4427 ol'
392 4380 434 4426 fol.
456 4385 500 4429 170
519 4380 553 4427 b:
573 4384 588 4405 ‘¹
602 4379 725 4441 'l'empore
776 4387 792 4408 “
811 4379 938 4428 llihomim
974 4381 1039 4442 apud
1067 4379 1192 4428 Eveshmn
1225 4396 1277 4428 mo-

226 4468 241 4486 ··
261 4459 332 4506 istius
355 4458 446 4519 lioperi
478 4457 580 4516 abbatis,
610 4459 725 4506 videlicet
751 4506 753 4525 Ι
776 4463 791 4486 “
811 4459 903 4507 nochor
927 4458 1091 4517 Ereshnmim
1116 4458 1224 4508 Brurrioe
1252 4469 1277 4509 el

226 4544 241 4564 ⁸¹
260 4553 325 4585 mmo
345 4537 445 4584 llomini
457 4551 567 4585 inmuni.
586 4537 725 4585 dedicatum
750 4550 753 4623 p
777 4542 791 4564 “
810 4537 892 4600 plnres
908 4537 1010 4587 clericos
1023 4537 1048 4585 in
1062 4536 1200 4600 Septembri
1213 4539 1277 4587 ordi·

227 4628 241 4644 ⁴·
261 4626 297 4663 eu
318 4617 394 4664 ultore
414 4616 491 4663 suncti
516 4615 642 4664 lobannis
661 4616 725 4677 Bap·
751 4626 753 4633 '
776 4623 792 4643 ¹·
811 4615 905 4666 norit.”

227 4709 241 4724 ··
261 4697 325 4744 tisnr
337 4695 362 4742 in
375 4695 415 4743 die
426 4696 505 4743 sancti
519 4695 644 4743 Theodori
662 4710 726 4742 mnr-
751 4686 753 4713 '

1317 955 1401 1021 [nn.

1316 1024 1403 1088 mm]

1283 1113 1339 1164 Tne
1350 1113 1436 1180 prior-y

1283 1182 1313 1229 of
1321 1181 1385 1231 Pen-

1283 1247 1405 1296 worthum

1282 1314 1305 1364 is
1315 1315 1425 1364 restored

1282 1388 1309 1430 to
1320 1380 1373 1428 him
1387 1381 1415 1429 in

1282 1447 1351 1497 ΛᾸ).
1366 1452 1437 1497 1218.

1284 2198 1324 2249 He
1335 2198 1389 2249 dies

1283 2266 1354 2316 there
1362 2266 1389 2314 in
1396 2266 1438 2316 tho

1284 2347 1345 2397 yeur
1358 2335 1436 2384 122³)
