3264 5662
377 808 581 862 onnourcorr
603 805 761 858 noanrrn
783 805 831 855 nn
853 804 1023 856 nvnsnsn
1162 791 1225 863 157

169 997 186 1023 ‘⁴
212 988 315 1075 igitur
358 982 548 1051 monarchia
569 981 806 1069 interpretetur
836 981 965 1048 cinicus
994 981 1227 1069 prirmipctea,
1240 979 1309 1031 nl).
1324 985 1394 1032 ¹20&

169 1103 186 1126 “
210 1094 341 1157 constat
356 1087 444 1174 quod
459 1087 547 1151 solus
563 1085 666 1150 abbas
689 1084 736 1149 ibi
752 1084 964 1171 principalem
981 1091 1177 1172 potestatem
1194 1093 1228 1150 ot

170 1205 187 1228 ‘⁸
206 1190 473 1278 jurisdictionem
490 1187 590 1253 debet
601 1209 761 1267 exercere,
778 1194 812 1253 et
828 1189 874 1252 sic
890 1189 1059 1274 episeopus
1081 1188 1227 1272 excludi-

171 1304 189 1331 “
213 1302 289 1372 tur3
312 1297 347 1358 ct
369 1291 458 1378 quod
481 1290 542 1356 boc
558 1288 768 1377 privilegium
793 1291 843 1354 ita
866 1290 984 1355 debeat
1007 1290 1148 1376 intelligi
1171 1313 1229 1354 ex·

173 1408 190 1433 “
214 1417 321 1484 presse
337 1394 527 1460 continetur
541 1391 578 1455 in
595 1391 768 1477 privilegio
782 1391 968 1457 Innocentii
985 1414 1078 1478 papae
1087 1393 1228 1468 secundi,

174 1511 193 1534 ‘⁴
216 1498 274 1563 ubi
311 1496 442 1573 dicitur,
481 1493 690 1559 ‘Statuimus
728 1494 862 1578 insuper
899 1516 936 1558 ac
976 1492 1231 1580 (praedecessoris

172 1612 189 1636 ‘⁴
213 1598 341 1664 ‘nostri
364 1597 467 1663 felicis
489 1596 653 1661 memoriae
678 1594 888 1661 Constantini
907 1618 1000 1683 papae
1016 1596 1165 1682 vestigiis
1181 1596 1230 1659 in-

173 1715 191 1739 “
217 1702 418 1781 ‘haerentesl
458 1697 670 1774 decrevimus,
706 1703 746 1762 ut
772 1697 974 1763 solummodo
1009 1719 1108 1785 penes
1139 1703 1173 1764 te
1197 1705 1231 1763 ot

173 1812 193 1840 ‘¹
219 1814 439 1869 ‘successoros
476 1807 552 1867 tuos
589 1799 694 1865 totins
718 1800 834 1865 domus
864 1805 899 1865 et
922 1801 1063 1866 ecclcsiae
1098 1806 1166 1867 tuac
1196 1806 1230 1866 et

176 1917 194 1942 ‘⁶
219 1906 382 1970 ‘aliorum
404 1905 550 1969 locorum
575 1903 617 1967 ad
647 1901 784 1967 eandem
800 1901 965 1967 ecclesiam
990 1902 1230 1989 pertinentium

174 2020 191 2043 “
216 2021 223 2042 ‘
242 2005 412 2094 pastoralis
427 2027 507 2072 cura
521 2005 689 2081 consistat,
706 2009 740 2069 et
749 2005 926 2071 eorundem
943 2004 1105 2071 ordinatio
1121 2006 1156 2071 in
1172 2010 1232 2070 tuo

179 2122 196 2146 “
221 2115 281 2176 ‘et
302 2130 522 2176 serocessorum
544 2111 676 2171 tanturn
693 2111 825 2172 tuorum
843 2111 1008 2194 potestate
1032 2113 1230 2194 permaneat,

176 2224 193 2249 “
217 2212 328 2278 ‘sicut
350 2216 400 2276 est
423 2209 812 2286 hactenusobservaturn,
825 2209 917 2274 salva
941 2232 998 2297 per
1011 2211 1124 2275 omnia
1145 2210 1231 2275 sedis

175 2325 193 2349 ‘¹
217 2313 428 2402 ‘apostolicae
463 2309 678 2377 auctoritate'
740 2311 818 2375 Non
857 2311 979 2376 dicitur
1009 2313 1097 2396 quod
1119 2312 1231 2395 aliqua

174 2427 190 2452 “
215 2417 263 2481 ibi
292 2417 337 2482 sit
366 2416 458 2480 salva
488 2414 630 2500 episcopi
654 2413 842 2492 auctoritas,
861 2413 917 2478 scd
941 2418 1075 2478 tanturn
1099 2414 1231 2478 abbatis

175 2530 192 2554 “
218 2519 263 2582 ibi
304 2522 497 2582 exerceatur
527 2520 678 2601 potestas.
741 2516 823 2580 Ecce
861 2515 1035 2580 manifesto
1073 2516 1232 2602 probatur·

175 2634 191 2656 ¹‘
216 2620 303 2706 quod
334 2619 420 2683 solus
442 2617 545 2682 abbas
575 2621 686 2681 noster·
715 2617 761 2680 ibi
794 2617 992 2682 ordinariam
1025 2617 1144 2683 lrabeat
1167 2618 1232 2681 dis-

179 2722 416 2810 “positionem
455 2725 490 2784 ct
523 2718 798 2805 jurisdictionem.
860 2718 896 2784 Si
935 2720 987 2783 cui
1018 2742 1104 2798 veru,
1143 2721 1231 2806 quod

176 2831 193 2859 ‘⁴
219 2831 330 2889 tamen
352 2844 418 2886 non
441 2820 546 2897 credo,
562 2821 670 2885 adhuc
686 2822 721 2885 in
738 2820 876 2886 dubium
892 2822 986 2886 venit
1002 2823 1083 2907 quin
1099 2823 1232 2889 ecclesia

177 2938 193 2962 ‘⁴
217 2931 329 2990 nostra
352 2924 395 2989 ab
411 2923 482 3009 ipsa
496 2922 693 2987 fundatione
712 2922 757 2988 sit
772 2923 883 2999 libera,
899 2923 1071 2989 veniamus
1094 2925 1137 2989 ad
1155 2925 1233 3009 jura

177 3041 192 3064 “
216 3026 413 3115 episcopalia
428 3046 501 3112 quae
517 3025 640 3089 habent
656 3025 799 3111 episcopi
814 3027 850 3090 in
867 3027 1074 3091 monasteriis
1089 3049 1157 3092 non
1176 3050 1232 3092 ex-

178 3142 194 3166 “
219 3130 345 3216 emptis,
368 3134 403 3193 et
425 3127 597 3193 videamus
620 3127 648 3191 ei
671 3133 785 3192 contra
814 3127 884 3193 lraec
907 3129 1029 3194 muniti
1051 3129 1152 3193 simus
1176 3152 1233 3215 per

176 3242 193 3269 “
219 3233 438 3297 Rornanorum
455 3230 648 3317 pontificum
664 3230 847 3316 privilegia.
906 3231 1016 3316 Igitur
1031 3231 1174 3318 episcopi
1190 3232 1232 3295 ab

180 3347 195 3371 ‘¹
218 3335 395 3401 abbatibus
416 3355 484 3398 non
506 3333 667 3418 exemptis
698 3332 930 3419 professionem
954 3338 988 3397 et
1010 3333 1233 3398 obedientiam

180 3449 197 3472 “
222 3459 323 3523 quum
347 3435 394 3500 cis
417 3434 617 3500 benedicunt
632 3435 774 3520 exigunt
789 3438 824 3498 et
839 3434 1011 3520 accipiunt,
1029 3456 1088 3500 nec
1103 3435 1145 3500 ab
1161 3436 1234 3499 aliis

180 3549 196 3574 ‘⁴
221 3543 358 3626 possunt
374 3536 521 3601 benedici
537 3557 636 3621 quam
652 3537 694 3599 ab
711 3535 861 3622 episcopo
876 3536 1066 3603 diocesano.
1122 3537 1234 3601 Abbas

179 3655 194 3677 “
219 3663 297 3707 vero
312 3645 423 3705 noster
438 3638 481 3703 ab
497 3639 644 3725 episcopo
660 3637 869 3724 Wigornensi
892 3660 952 3703 nec
974 3640 1234 3707 benedictionem

179 3756 195 3779 “
219 3744 363 3830 accipere
393 3763 453 3806 nec
476 3740 708 3827 professionem
740 3761 799 3804 nec
830 3740 1054 3807 obedientiam
1078 3743 1109 3808 ei
1131 3744 1257 3828 fircera

180 3858 196 3882 “
221 3851 361 3911 tenetur.
407 3844 498 3909 Dicit
521 3843 610 3907 enim
641 3841 881 3908 Constantinus
904 3844 939 3907 in
970 3844 1111 3909 secundo
1134 3847 1236 3931 privi-

179 3961 195 3985 “
220 3948 314 4035 legio,
337 3947 520 4011 ‘Defuncto
543 3950 656 4010 autem
682 3945 810 4021 abbate,
834 3944 1013 4012 secundum
1045 3948 1234 4012 canonicam

179 4062 195 4087 “
221 4050 473 4115 ‘auctoritatem
489 4047 544 4112 vel
559 4046 599 4111 de
616 4047 686 4133 ipso
709 4048 908 4111 monasterio
930 4047 985 4111 vel
1006 4047 1046 4112 de
1061 4047 1233 4134 parochia¹

180 4161 198 4189 “
224 4151 444 4216 ‘Wictiorum
467 4149 569 4213 abbas
591 4172 612 4212 a
634 4149 793 4213 fratribus
821 4149 967 4233 ejusdem
994 4149 1057 4214 loci
1088 4150 1236 4236 eligatur,

179 4268 195 4290 ‘¹
221 4254 300 4341 ‘qni
323 4254 358 4316 in
382 4251 496 4317 eadem
520 4251 653 4316 ecclesia
674 4249 777 4314 libere
801 4255 836 4313 et
856 4250 1008 4315 canonice
1031 4251 1101 4315 sinc
1124 4253 1237 4337 aliqua

180 4370 195 4392 ‘⁶
223 4354 417 4420 ‘exactione
431 4359 639 4418 consecratus
654 4352 696 4417 ob
712 4353 930 4417 reverentiam
942 4354 1137 4419 venerabilis
1150 4355 1237 4440 Egg-

180 4471 195 4493 ‘⁴
222 4459 324 4523 ‘wini
348 4456 471 4521 annulo
499 4457 534 4520 in
557 4454 775 4521 celebratione
798 4455 972 4519 missarum
996 4456 1131 4522 utatur.'
1184 4459 1236 4520 Ex

1003 4625 1015 4630 r.
1021 4625 1234 4634 ———.———-

519 4711 524 4739 ¹
536 4707 673 4776 parocbia]
687 4708 827 4774 parrochia,
840 4709 896 4761 MS.
