3270 5656
487 783 690 835 cnaomcou
712 782 871 833 assarna
893 784 941 834 on
962 784 1132 837 mmmm
1292 758 1342 837 63'

286 969 407 1056 liquios
446 972 552 1037 sancti
591 972 742 1059 Eogwini
779 972 857 1037 illue
902 973 1106 1053 adventasse,
1147 971 1238 1038 misit
1279 993 1337 1059 per
1390 979 1461 1032 ΑΒ.

286 1094 406 1138 manus
436 1074 630 1140 nuntiorum
652 1096 745 1139 suam
774 1074 974 1141 oblationem
1004 1074 1048 1139 ad
1070 1074 1235 1154 feretrum,
1267 1097 1335 1138 am·
1352 1049 1508 1149 ¹⁰⁷3'¹⁰⁸⁶·

286 1172 394 1260 pliora
423 1176 620 1262 promittens
649 1176 677 1241 si
709 1175 799 1241 Deus
829 1198 888 1263 per
917 1177 1023 1241 sancti
1046 1177 1110 1242 viri
1133 1178 1253 1243 merita
1273 1137 1468 1259 sibissffigss

287 1280 414 1362 optotae
450 1278 601 1345 sanitatis
638 1278 827 1344 concederet
863 1279 994 1365 gaudio.
1064 1278 1221 1364 Sequenti
1259 1301 1336 1344 vero

288 1377 343 1443 die
376 1378 449 1465 ipsa
478 1380 596 1447 mulier
625 1381 704 1447 laeta
739 1387 773 1446 et
806 1381 980 1446 incolumis
1013 1382 1153 1469 propriis
1182 1381 1336 1448 manibus

287 1480 332 1545 ad
353 1486 503 1547 sanctum
535 1482 729 1569 Ecgwinum
752 1505 847 1548 suam
878 1483 1079 1549 oblationem
1109 1483 1240 1562 detulit,
1271 1484 1337 1549 col·

287 1582 427 1649 laudans
454 1584 634 1651 Dominum
664 1589 699 1650 et
739 1585 809 1671 ejus
848 1586 978 1652 fidelem
1016 1608 1148 1652 servum
1186 1592 1337 1652 sanetum

290 1684 497 1773 Ilogwinum.

350 1976 401 2045 De
431 1976 568 2045 lomim
597 1977 721 2057 cincto,
752 1979 860 2047 soluto
890 1987 920 2046 ct
950 1979 1089 2047 liberato
1113 2002 1136 2046 u
1165 1987 1275 2047 morta

336 2126 499 2192 Solemnis
516 2126 586 2193 dies
608 2123 715 2193 saneti
731 2126 883 2214 Eogwini
908 2132 980 2193 erat
1003 2128 1040 2193 in
1062 2128 1214 2215 proximo
1237 2150 1338 2214 quum

290 2228 427 2314 quidam
450 2229 520 2315 ejus
542 2231 691 2295 minister
714 2229 962 2315 comprehensus
984 2229 1022 2294 in
1044 2230 1217 2296 latrocinio
1239 2231 1339 2296 morti

289 2331 498 2415 adjudicatus
535 2338 593 2397 ost.
665 2332 845 2420 Impositos
882 2354 958 2418 ergo
1003 2333 1101 2397 miser
1143 2333 1198 2398 ille
1243 2354 1340 2419 super

290 2433 359 2499 vile
383 2433 582 2518 jumentum,
613 2433 735 2500 vinctis
766 2433 917 2499 manibus
940 2449 1016 2520 post
1037 2440 1178 2520 tergum,
1204 2436 1339 2500 deduce·

292 2536 392 2600 batur
420 2535 523 2620 juxta
559 2537 795 2603 monasterium
825 2537 932 2602 sancti
963 2537 1113 2623 Ecgwini
1151 2536 1194 2601 od
1231 2537 1339 2603 locum

291 2660 352 2703 suo
389 2639 490 2725 capiti
527 2640 750 2725 periculosum.
820 2640 885 2719 Qui
922 2640 1111 2704 recordatus
1140 2640 1246 2705 futuri
1273 2640 1339 2705 dici

291 2761 446 2826 magnam
468 2741 710 2806 solemnitatem
732 2745 767 2807 et
788 2741 894 2806 sancti
918 2741 1067 2827 Ecgwini
1090 2743 1206 2806 miram
1229 2742 1341 2829 benig-

291 2840 443 2923 nitatem,
466 2842 508 2908 de
528 2843 679 2928 jumento
694 2843 747 2908 cui
763 2843 928 2908 insidebat
950 2851 1066 2929 sponte
1090 2845 1214 2923 cecidit,
1239 2852 1274 2911 et
1297 2847 1341 2911 ad

289 2946 526 3011 monasterium
552 2947 658 3012 sancti
695 2945 851 3033 fugiendo
889 2947 1043 3032 pervenit
1058 2955 1079 3023 ;¹
1107 2948 1342 3034 inveniensque

292 3048 416 3115 ostium
446 3058 596 3136 apertum
633 3049 749 3114 statim
787 3048 981 3136 ingreditur,
1020 3056 1055 3114 et
1092 3072 1200 3115 coram
1238 3052 1342 3117 altare

292 3152 400 3217 sancti
446 3151 597 3239 Ecgwini
646 3151 850 3237 adjutorium
900 3152 1072 3238 postulans
1115 3156 1342 3238 prosternitur.

295 3254 418 3319 Mirum
441 3254 532 3320 dictu
547 3260 553 3319 l
578 3255 733 3320 continuo
757 3255 894 3319 municio
909 3254 1077 3320 dissolute
1092 3255 1211 3320 liberos
1226 3279 1343 3322 manus

295 3356 436 3421 hominis
459 3357 636 3424 reddidere.
682 3357 739 3422 Ita
754 3357 946 3444 permerito
967 3357 1072 3421 sancti
1096 3357 1243 3442 Ecgwiui
1267 3366 1300 3424 ot
1322 3383 1343 3425 a

295 3459 450 3546 ligamine
480 3481 639 3526 manuum
671 3467 705 3526 et
743 3461 785 3524 ub
823 3460 1040 3525 insectatione
1074 3462 1341 3546 prosequentium

295 3561 501 3631 inimicorum
517 3562 683 3640 liberatus,
701 3568 813 3628 sancto
824 3564 941 3630 amodo
956 3563 1093 3649 proinde
1107 3563 1230 3649 gratius
1245 3588 1343 3652 agens

301 3665 490 3750 permansit

408 3934 458 4002 De
482 3934 588 4002 leuno
613 3935 747 4002 molente
771 3934 813 4003 ab
838 3935 974 4003 ecclesio
1003 3935 1228 4004 Ewcetomc'oe.

342 4080 374 4145 N
376 4103 412 4148 ec
434 4081 698 4169 praetereundum
722 4104 831 4148 remur
846 4082 934 4167 quod
957 4081 1071 4146 multis
1087 4083 1207 4169 oppido
1222 4084 1341 4149 mirum

296 4186 406 4249 visum
436 4191 495 4264 est,
525 4186 691 4250 neminem
715 4185 751 4247 in
774 4185 996 4250 destructione
1018 4187 1209 4250 monasterii
1235 4189 1341 4254 sancti

297 4287 447 4374 Eegwini
470 4287 606 4353 devita
635 4288 863 4372 periclitatum.
911 4287 1060 4366 Quadam
1091 4310 1233 4374 namque
1271 4291 1341 4356 vice

296 4402 400 4475 quum
430 4391 526 4476 tigna
555 4390 750 4476 presbyterii
775 4390 979 4454 studuissent
1009 4390 1155 4475 dejicere,
1188 4391 1341 4461 adstabat

297 4493 433 4578 quidam
450 4493 617 4578 operarius
633 4493 667 4555 in
683 4490 812 4557 media¹
838 4493 935 4558 domo
960 4515 1054 4579 super
1074 4493 1192 4571 trabes,
1209 4496 1342 4563 molitus

327 4647 344 4652 ,.
355 4644 710 4653 ...υ--ν--ι--ο--κ
724 4646 882 4651 ——·—-
893 4646 1039 4651 ——————

639 4710 644 4739 ¹
659 4710 683 4757 in
694 4707 790 4774 medio]
809 4709 913 4771 imcdiu
926 4711 982 4760 Mu.
