<?xml version="1.0" encoding="UTF-8"?>
<!DOCTYPE html PUBLIC "-//W3C//DTD XHTML 1.0 Transitional//EN"
    "http://www.w3.org/TR/xhtml1/DTD/xhtml1-transitional.dtd">
<html xmlns="http://www.w3.org/1999/xhtml" xml:lang="en" lang="en">
 <head>
  <title>
</title>
<meta http-equiv="Content-Type" content="text/html;charset=utf-8" />
  <meta name='ocr-system' content='tesseract 3.04.00' />
  <meta name='ocr-capabilities' content='ocr_page ocr_carea ocr_par ocr_line ocrx_word'/>
</head>
<body>
  <div class='ocr_page' id='page_1' title='image "./chroniconabbati00marlgoog_0160.png"; bbox 0 0 3270 5656; ppageno 0'>
   <div class='ocr_carea' id='block_1_1' title="bbox 508 792 1341 855">
    <p class='ocr_par' dir='ltr' id='par_1_1' title="bbox 508 792 1341 855">
     <span class='ocr_line' id='line_1_1' title="bbox 508 792 1341 855; baseline 0.004 -3"><span class='ocrx_word' id='word_1_1' title='bbox 508 802 711 853; x_wconf 77' lang='lat' dir='ltr'>GHRONICON</span> <span class='ocrx_word' id='word_1_2' title='bbox 726 803 885 852; x_wconf 75' lang='lat' dir='ltr'>ABBATIAE</span> <span class='ocrx_word' id='word_1_3' title='bbox 901 805 948 852; x_wconf 79' lang='lat' dir='ltr'><strong>DE</strong></span> <span class='ocrx_word' id='word_1_4' title='bbox 962 805 1136 853; x_wconf 76' lang='lat' dir='ltr'><strong>nvnsHAM.</strong></span> <span class='ocrx_word' id='word_1_5' title='bbox 1300 792 1341 855; x_wconf 81' lang='lat'><strong>95</strong></span> 
     </span>
    </p>
   </div>
   <div class='ocr_carea' id='block_1_2' title="bbox 285 990 1501 4660">
    <p class='ocr_par' dir='ltr' id='par_1_2' title="bbox 285 990 1501 4660">
     <span class='ocr_line' id='line_1_2' title="bbox 293 990 1501 1087; baseline 0.001 -33"><span class='ocrx_word' id='word_1_6' title='bbox 293 990 422 1071; x_wconf 77' lang='lat' dir='ltr'><strong>abbate,</strong></span> <span class='ocrx_word' id='word_1_7' title='bbox 467 991 660 1072; x_wconf 83' lang='lat' dir='ltr'><strong>Bivi&#39;ntune,</strong></span> <span class='ocrx_word' id='word_1_8' title='bbox 699 992 891 1069; x_wconf 87' lang='lat' dir='ltr'><strong>Dailesford,</strong></span> <span class='ocrx_word' id='word_1_9' title='bbox 937 993 1089 1068; x_wconf 85' lang='lat' dir='ltr'><strong>Eunilad,</strong></span> <span class='ocrx_word' id='word_1_10' title='bbox 1125 991 1343 1068; x_wconf 87' lang='lat' dir='ltr'><strong>Brainesford‚</strong></span> <span class='ocrx_word' id='word_1_11' title='bbox 1402 999 1501 1087; x_wconf 68' lang='lat' dir='ltr'><strong>AD„</strong></span> 
     </span>
     <span class='ocr_line' id='line_1_3' title="bbox 294 1067 1497 1180; baseline 0.002 -25"><span class='ocrx_word' id='word_1_12' title='bbox 294 1093 433 1159; x_wconf 81' lang='lat' dir='ltr'><strong>Actune.</strong></span> <span class='ocrx_word' id='word_1_13' title='bbox 489 1093 572 1160; x_wconf 83' lang='lat' dir='ltr'><strong>Haec</strong></span> <span class='ocrx_word' id='word_1_14' title='bbox 604 1093 670 1160; x_wconf 82' lang='lat' dir='ltr'><strong>suit</strong></span> <span class='ocrx_word' id='word_1_15' title='bbox 701 1101 790 1160; x_wconf 88' lang='lat' dir='ltr'><strong>terra</strong></span> <span class='ocrx_word' id='word_1_16' title='bbox 821 1096 926 1180; x_wconf 87' lang='lat' dir='ltr'><strong>patris</strong></span> <span class='ocrx_word' id='word_1_17' title='bbox 960 1097 1021 1174; x_wconf 90' lang='lat' dir='ltr'><strong>sui,</strong></span> <span class='ocrx_word' id='word_1_18' title='bbox 1044 1095 1103 1159; x_wconf 83' lang='lat' dir='ltr'><strong>has</strong></span> <span class='ocrx_word' id='word_1_19' title='bbox 1135 1096 1216 1160; x_wconf 85' lang='lat' dir='ltr'><strong>duas</strong></span> <span class='ocrx_word' id='word_1_20' title='bbox 1248 1094 1344 1158; x_wconf 82' lang='lat' dir='ltr'><strong>villas</strong></span> <span class='ocrx_word' id='word_1_21' title='bbox 1363 1067 1497 1117; x_wconf 47' lang='lat' dir='ltr'><strong>¹⁰⁷l¹⁰⁴¹</strong></span> 
     </span>
     <span class='ocr_line' id='line_1_4' title="bbox 294 1194 1343 1284; baseline 0.002 -25"><span class='ocrx_word' id='word_1_22' title='bbox 294 1195 387 1261; x_wconf 90' lang='lat' dir='ltr'><strong>dedit</strong></span> <span class='ocrx_word' id='word_1_23' title='bbox 403 1194 528 1261; x_wconf 87' lang='lat' dir='ltr'><strong>Ursoni</strong></span> <span class='ocrx_word' id='word_1_24' title='bbox 550 1219 609 1284; x_wconf 91' lang='lat' dir='ltr'><strong>pro</strong></span> <span class='ocrx_word' id='word_1_25' title='bbox 633 1198 871 1284; x_wconf 79' lang='lat' dir='ltr'><strong>Beningwrthe</strong></span> <span class='ocrx_word' id='word_1_26' title='bbox 893 1220 991 1284; x_wconf 86' lang='lat' dir='ltr'><strong>quam</strong></span> <span class='ocrx_word' id='word_1_27' title='bbox 1014 1198 1136 1283; x_wconf 87' lang='lat' dir='ltr'><strong>injuste</strong></span> <span class='ocrx_word' id='word_1_28' title='bbox 1160 1197 1343 1283; x_wconf 87' lang='lat' dir='ltr'><strong>occupavit,</strong></span> 
     </span>
     <span class='ocr_line' id='line_1_5' title="bbox 294 1298 1343 1385; baseline 0.002 -25"><span class='ocrx_word' id='word_1_29' title='bbox 294 1298 378 1363; x_wconf 85' lang='lat' dir='ltr'><strong>sieut</strong></span> <span class='ocrx_word' id='word_1_30' title='bbox 404 1300 615 1364; x_wconf 86' lang='lat' dir='ltr'><strong>medietatem</strong></span> <span class='ocrx_word' id='word_1_31' title='bbox 649 1301 770 1365; x_wconf 88' lang='lat' dir='ltr'><strong>iterum</strong></span> <span class='ocrx_word' id='word_1_32' title='bbox 804 1307 918 1385; x_wconf 85' lang='lat' dir='ltr'><strong>postea</strong></span> <span class='ocrx_word' id='word_1_33' title='bbox 951 1301 1039 1376; x_wconf 85' lang='lat' dir='ltr'><strong>fecit,</strong></span> <span class='ocrx_word' id='word_1_34' title='bbox 1063 1306 1098 1365; x_wconf 89' lang='lat' dir='ltr'><strong>et</strong></span> <span class='ocrx_word' id='word_1_35' title='bbox 1130 1321 1242 1364; x_wconf 88' lang='lat' dir='ltr'><strong>omnes</strong></span> <span class='ocrx_word' id='word_1_36' title='bbox 1275 1305 1343 1364; x_wconf 86' lang='lat' dir='ltr'><strong>tres</strong></span> 
     </span>
     <span class='ocr_line' id='line_1_6' title="bbox 294 1399 1343 1485; baseline 0.004 -22"><span class='ocrx_word' id='word_1_37' title='bbox 294 1399 415 1485; x_wconf 84' lang='lat' dir='ltr'><strong>injuste</strong></span> <span class='ocrx_word' id='word_1_38' title='bbox 438 1402 573 1468; x_wconf 87' lang='lat' dir='ltr'><strong>detinet</strong></span> <span class='ocrx_word' id='word_1_39' title='bbox 612 1402 654 1468; x_wconf 92' lang='lat' dir='ltr'><strong>In</strong></span> <span class='ocrx_word' id='word_1_40' title='bbox 669 1402 933 1482; x_wconf 88' lang='lat' dir='ltr'><strong>Wareuuicscire,</strong></span> <span class='ocrx_word' id='word_1_41' title='bbox 958 1402 1343 1481; x_wconf 83' lang='lat' dir='ltr'><strong>Witlakesford,A1uue,</strong></span> 
     </span>
     <span class='ocr_line' id='line_1_7' title="bbox 295 1502 1344 1591; baseline 0.001 -24"><span class='ocrx_word' id='word_1_42' title='bbox 295 1502 473 1582; x_wconf 89' lang='lat' dir='ltr'><strong>Eolesbale,</strong></span> <span class='ocrx_word' id='word_1_43' title='bbox 496 1503 658 1591; x_wconf 86' lang='lat' dir='ltr'><strong>Rageleia,</strong></span> <span class='ocrx_word' id='word_1_44' title='bbox 683 1504 977 1581; x_wconf 79' lang='lat' dir='ltr'><strong>Eutheriohestum,</strong></span> <span class='ocrx_word' id='word_1_45' title='bbox 999 1506 1126 1582; x_wconf 85' lang='lat' dir='ltr'><strong>Brome,</strong></span> <span class='ocrx_word' id='word_1_46' title='bbox 1144 1504 1286 1569; x_wconf 84' lang='lat' dir='ltr'><strong>Graitun</strong></span> <span class='ocrx_word' id='word_1_47' title='bbox 1310 1510 1344 1568; x_wconf 90' lang='lat' dir='ltr'><strong>ot</strong></span> 
     </span>
     <span class='ocr_line' id='line_1_8' title="bbox 295 1604 1343 1694; baseline 0.001 -25"><span class='ocrx_word' id='word_1_48' title='bbox 295 1606 358 1669; x_wconf 86' lang='lat' dir='ltr'><strong>alia</strong></span> <span class='ocrx_word' id='word_1_49' title='bbox 373 1604 874 1694; x_wconf 75' lang='lat' dir='ltr'><strong>Gmstun,Hildesbu1·guurthe,</strong></span> <span class='ocrx_word' id='word_1_50' title='bbox 891 1606 1047 1672; x_wconf 86' lang='lat' dir='ltr'><strong>Saltford.</strong></span> <span class='ocrx_word' id='word_1_51' title='bbox 1087 1606 1129 1671; x_wconf 91' lang='lat' dir='ltr'><strong>In</strong></span> <span class='ocrx_word' id='word_1_52' title='bbox 1146 1606 1343 1671; x_wconf 87' lang='lat' dir='ltr'><strong>Gloccestre-</strong></span> 
     </span>
     <span class='ocr_line' id='line_1_9' title="bbox 295 1708 1342 1786; baseline 0.001 -15"><span class='ocrx_word' id='word_1_53' title='bbox 295 1709 381 1785; x_wconf 85' lang='lat' dir='ltr'><strong>scire,</strong></span> <span class='ocrx_word' id='word_1_54' title='bbox 399 1709 541 1786; x_wconf 87' lang='lat' dir='ltr'><strong>Suuelle,</strong></span> <span class='ocrx_word' id='word_1_55' title='bbox 558 1708 748 1775; x_wconf 81' lang='lat' dir='ltr'><strong>Coasteltun</strong></span> <span class='ocrx_word' id='word_1_56' title='bbox 771 1716 805 1774; x_wconf 87' lang='lat' dir='ltr'><strong>et</strong></span> <span class='ocrx_word' id='word_1_57' title='bbox 826 1711 891 1774; x_wconf 85' lang='lat' dir='ltr'><strong>alia</strong></span> <span class='ocrx_word' id='word_1_58' title='bbox 907 1709 1107 1786; x_wconf 84' lang='lat' dir='ltr'><strong>Oeastcltun,</strong></span> <span class='ocrx_word' id='word_1_59' title='bbox 1138 1709 1342 1783; x_wconf 84' lang='lat' dir='ltr'><strong>Oornuuelle‚</strong></span> 
     </span>
     <span class='ocr_line' id='line_1_10' title="bbox 296 1810 1341 1899; baseline 0.001 -24"><span class='ocrx_word' id='word_1_60' title='bbox 296 1810 495 1890; x_wconf 83' lang='lat' dir='ltr'><strong>Quenintun,</strong></span> <span class='ocrx_word' id='word_1_61' title='bbox 543 1812 692 1899; x_wconf 86' lang='lat' dir='ltr'><strong>Sciptun,</strong></span> <span class='ocrx_word' id='word_1_62' title='bbox 751 1812 913 1892; x_wconf 82' lang='lat' dir='ltr'><strong>Saldford,</strong></span> <span class='ocrx_word' id='word_1_63' title='bbox 969 1812 1183 1888; x_wconf 87' lang='lat' dir='ltr'><strong>Deorneford,</strong></span> <span class='ocrx_word' id='word_1_64' title='bbox 1229 1811 1341 1889; x_wconf 84' lang='lat' dir='ltr'><strong>Stoke,</strong></span> 
     </span>
     <span class='ocr_line' id='line_1_11' title="bbox 296 1912 1342 2002; baseline 0 -24"><span class='ocrx_word' id='word_1_65' title='bbox 296 1912 442 1993; x_wconf 85' lang='lat' dir='ltr'><strong>Westun,</strong></span> <span class='ocrx_word' id='word_1_66' title='bbox 478 1913 653 1992; x_wconf 89' lang='lat' dir='ltr'><strong>Hudioote,</strong></span> <span class='ocrx_word' id='word_1_67' title='bbox 684 1914 923 2002; x_wconf 88' lang='lat' dir='ltr'><strong>Peppouurthe,</strong></span> <span class='ocrx_word' id='word_1_68' title='bbox 955 1914 1148 1995; x_wconf 86' lang='lat' dir='ltr'><strong>Dorsintnn,</strong></span> <span class='ocrx_word' id='word_1_69' title='bbox 1180 1913 1342 1979; x_wconf 85' lang='lat' dir='ltr'><strong>Mulecotc</strong></span> 
     </span>
     <span class='ocr_line' id='line_1_12' title="bbox 295 2016 1342 2102; baseline 0 -22"><span class='ocrx_word' id='word_1_70' title='bbox 295 2023 327 2081; x_wconf 88' lang='lat' dir='ltr'><strong>et</strong></span> <span class='ocrx_word' id='word_1_71' title='bbox 355 2016 421 2082; x_wconf 89' lang='lat' dir='ltr'><strong>alia</strong></span> <span class='ocrx_word' id='word_1_72' title='bbox 443 2017 612 2084; x_wconf 87' lang='lat' dir='ltr'><strong>Mulcoote.</strong></span> <span class='ocrx_word' id='word_1_73' title='bbox 659 2018 711 2083; x_wconf 88' lang='lat' dir='ltr'><strong>De</strong></span> <span class='ocrx_word' id='word_1_74' title='bbox 733 2018 785 2082; x_wconf 89' lang='lat' dir='ltr'><strong>his</strong></span> <span class='ocrx_word' id='word_1_75' title='bbox 807 2018 905 2083; x_wconf 87' lang='lat' dir='ltr'><strong>terris</strong></span> <span class='ocrx_word' id='word_1_76' title='bbox 927 2018 1086 2102; x_wconf 89' lang='lat' dir='ltr'><strong>quasdam</strong></span> <span class='ocrx_word' id='word_1_77' title='bbox 1119 2017 1266 2083; x_wconf 77' lang='lat' dir='ltr'>obtinuit</span> <span class='ocrx_word' id='word_1_78' title='bbox 1299 2017 1342 2081; x_wconf 89' lang='lat' dir='ltr'><strong>ab</strong></span> 
     </span>
     <span class='ocr_line' id='line_1_13' title="bbox 295 2118 1342 2207; baseline 0 -23"><span class='ocrx_word' id='word_1_79' title='bbox 295 2119 425 2185; x_wconf 86' lang='lat' dir='ltr'><strong>ecclesia</strong></span> <span class='ocrx_word' id='word_1_80' title='bbox 470 2118 681 2207; x_wconf 80' lang='lat' dir='ltr'><strong>Wigornensi</strong></span> <span class='ocrx_word' id='word_1_81' title='bbox 727 2142 807 2205; x_wconf 87' lang='lat' dir='ltr'><strong>quas</strong></span> <span class='ocrx_word' id='word_1_82' title='bbox 848 2120 979 2205; x_wconf 77' lang='lat' dir='ltr'><strong>praelati</strong></span> <span class='ocrx_word' id='word_1_83' title='bbox 1018 2120 1162 2205; x_wconf 85' lang='lat' dir='ltr'><strong>ejusdem</strong></span> <span class='ocrx_word' id='word_1_84' title='bbox 1201 2121 1342 2185; x_wconf 67' lang='lat' dir='ltr'><strong>ecclesiae</strong></span> 
     </span>
     <span class='ocr_line' id='line_1_14' title="bbox 295 2221 1341 2310; baseline 0.002 -26"><span class='ocrx_word' id='word_1_85' title='bbox 295 2221 415 2305; x_wconf 87' lang='lat' dir='ltr'><strong>injuste</strong></span> <span class='ocrx_word' id='word_1_86' title='bbox 446 2229 694 2310; x_wconf 84' lang='lat' dir='ltr'><strong>occupaverant,</strong></span> <span class='ocrx_word' id='word_1_87' title='bbox 726 2223 850 2288; x_wconf 86' lang='lat' dir='ltr'><strong>scilicet</strong></span> <span class='ocrx_word' id='word_1_88' title='bbox 874 2223 997 2298; x_wconf 86' lang='lat' dir='ltr'><strong>Actun,</strong></span> <span class='ocrx_word' id='word_1_89' title='bbox 1023 2230 1057 2287; x_wconf 91' lang='lat' dir='ltr'><strong>et</strong></span> <span class='ocrx_word' id='word_1_90' title='bbox 1080 2222 1341 2308; x_wconf 85' lang='lat' dir='ltr'><strong>Beningumthe,</strong></span> 
     </span>
     <span class='ocr_line' id='line_1_15' title="bbox 295 2323 1342 2411; baseline 0 -25"><span class='ocrx_word' id='word_1_91' title='bbox 295 2323 455 2390; x_wconf 81' lang='lat' dir='ltr'><strong>Muleoote</strong></span> <span class='ocrx_word' id='word_1_92' title='bbox 474 2332 508 2389; x_wconf 92' lang='lat' dir='ltr'><strong>et</strong></span> <span class='ocrx_word' id='word_1_93' title='bbox 531 2324 680 2402; x_wconf 87' lang='lat' dir='ltr'><strong>Westun,</strong></span> <span class='ocrx_word' id='word_1_94' title='bbox 704 2325 866 2389; x_wconf 86' lang='lat' dir='ltr'><strong>Eunilade</strong></span> <span class='ocrx_word' id='word_1_95' title='bbox 889 2332 925 2389; x_wconf 86' lang='lat' dir='ltr'><strong>et</strong></span> <span class='ocrx_word' id='word_1_96' title='bbox 947 2324 1143 2404; x_wconf 86' lang='lat' dir='ltr'><strong>Dailesford,</strong></span> <span class='ocrx_word' id='word_1_97' title='bbox 1176 2331 1209 2389; x_wconf 87' lang='lat' dir='ltr'><strong>et</strong></span> <span class='ocrx_word' id='word_1_98' title='bbox 1233 2325 1342 2411; x_wconf 79' lang='lat' dir='ltr'><strong>plures</strong></span> 
     </span>
     <span class='ocr_line' id='line_1_16' title="bbox 295 2425 1341 2513; baseline 0.001 -24"><span class='ocrx_word' id='word_1_99' title='bbox 295 2425 405 2492; x_wconf 88' lang='lat' dir='ltr'><strong>domos</strong></span> <span class='ocrx_word' id='word_1_100' title='bbox 439 2427 475 2491; x_wconf 91' lang='lat' dir='ltr'><strong>in</strong></span> <span class='ocrx_word' id='word_1_101' title='bbox 498 2427 676 2513; x_wconf 77' lang='lat' dir='ltr'><strong>Wigornia,</strong></span> <span class='ocrx_word' id='word_1_102' title='bbox 698 2428 754 2492; x_wconf 89' lang='lat' dir='ltr'><strong>sed</strong></span> <span class='ocrx_word' id='word_1_103' title='bbox 788 2426 960 2492; x_wconf 87' lang='lat' dir='ltr'><strong>Stredford</strong></span> <span class='ocrx_word' id='word_1_104' title='bbox 995 2432 1029 2491; x_wconf 87' lang='lat' dir='ltr'><strong>et</strong></span> <span class='ocrx_word' id='word_1_105' title='bbox 1062 2427 1239 2491; x_wconf 88' lang='lat' dir='ltr'><strong>Fladeburi</strong></span> <span class='ocrx_word' id='word_1_106' title='bbox 1273 2449 1341 2491; x_wconf 89' lang='lat' dir='ltr'><strong>non</strong></span> 
     </span>
     <span class='ocr_line' id='line_1_17' title="bbox 294 2528 1341 2614; baseline -0.001 -20"><span class='ocrx_word' id='word_1_107' title='bbox 294 2530 464 2595; x_wconf 85' lang='lat' dir='ltr'><strong>revocavit</strong></span> <span class='ocrx_word' id='word_1_108' title='bbox 511 2528 562 2594; x_wconf 89' lang='lat' dir='ltr'><strong>De</strong></span> <span class='ocrx_word' id='word_1_109' title='bbox 585 2529 637 2593; x_wconf 85' lang='lat' dir='ltr'><strong>his</strong></span> <span class='ocrx_word' id='word_1_110' title='bbox 659 2529 756 2593; x_wconf 87' lang='lat' dir='ltr'><strong>terris</strong></span> <span class='ocrx_word' id='word_1_111' title='bbox 778 2550 868 2613; x_wconf 63' lang='lat' dir='ltr'><strong>(luas,</strong></span> <span class='ocrx_word' id='word_1_112' title='bbox 883 2535 923 2593; x_wconf 92' lang='lat' dir='ltr'><strong>ut</strong></span> <span class='ocrx_word' id='word_1_113' title='bbox 945 2528 1098 2605; x_wconf 68' lang='lat' dir='ltr'><strong>diximus</strong></span> <span class='ocrx_word' id='word_1_114' title='bbox 1113 2551 1173 2593; x_wconf 89' lang='lat' dir='ltr'><strong>suo</strong></span> <span class='ocrx_word' id='word_1_115' title='bbox 1195 2535 1341 2614; x_wconf 85' lang='lat' dir='ltr'><strong>tompore</strong></span> 
     </span>
     <span class='ocr_line' id='line_1_18' title="bbox 294 2630 1341 2719; baseline -0.002 -22"><span class='ocrx_word' id='word_1_116' title='bbox 294 2633 476 2719; x_wconf 85' lang='lat' dir='ltr'><strong>acquisivit,</strong></span> <span class='ocrx_word' id='word_1_117' title='bbox 499 2630 695 2717; x_wconf 86' lang='lat' dir='ltr'><strong>quibusdam</strong></span> <span class='ocrx_word' id='word_1_118' title='bbox 718 2630 813 2694; x_wconf 89' lang='lat' dir='ltr'><strong>bonis</strong></span> <span class='ocrx_word' id='word_1_119' title='bbox 837 2631 1025 2695; x_wconf 87' lang='lat' dir='ltr'><strong>hominibus</strong></span> <span class='ocrx_word' id='word_1_120' title='bbox 1060 2653 1119 2716; x_wconf 90' lang='lat' dir='ltr'><strong>pro</strong></span> <span class='ocrx_word' id='word_1_121' title='bbox 1143 2653 1263 2717; x_wconf 83' lang='lat' dir='ltr'><strong>magna</strong></span> <span class='ocrx_word' id='word_1_122' title='bbox 1285 2653 1341 2695; x_wconf 89' lang='lat' dir='ltr'><strong>nc-</strong></span> 
     </span>
     <span class='ocr_line' id='line_1_19' title="bbox 293 2732 1340 2809; baseline -0.004 -9"><span class='ocrx_word' id='word_1_123' title='bbox 293 2734 441 2800; x_wconf 83' lang='lat' dir='ltr'><strong>cessitate</strong></span> <span class='ocrx_word' id='word_1_124' title='bbox 473 2733 652 2798; x_wconf 88' lang='lat' dir='ltr'><strong>ethonore</strong></span> <span class='ocrx_word' id='word_1_125' title='bbox 675 2733 817 2798; x_wconf 71' lang='lat' dir='ltr'><strong>ecclesiae</strong></span> <span class='ocrx_word' id='word_1_126' title='bbox 841 2732 942 2809; x_wconf 83' lang='lat' dir='ltr'><strong>dedit,</strong></span> <span class='ocrx_word' id='word_1_127' title='bbox 966 2740 1000 2798; x_wconf 90' lang='lat' dir='ltr'><strong>et</strong></span> <span class='ocrx_word' id='word_1_128' title='bbox 1022 2733 1101 2797; x_wconf 89' lang='lat' dir='ltr'><strong>indo</strong></span> <span class='ocrx_word' id='word_1_129' title='bbox 1124 2734 1196 2797; x_wconf 87' lang='lat' dir='ltr'><strong>Deo</strong></span> <span class='ocrx_word' id='word_1_130' title='bbox 1220 2739 1254 2798; x_wconf 90' lang='lat' dir='ltr'><strong>et</strong></span> <span class='ocrx_word' id='word_1_131' title='bbox 1277 2733 1340 2798; x_wconf 87' lang='lat' dir='ltr'><strong>sibi</strong></span> 
     </span>
     <span class='ocr_line' id='line_1_20' title="bbox 293 2835 1341 2920; baseline -0.004 -19"><span class='ocrx_word' id='word_1_132' title='bbox 293 2836 432 2902; x_wconf 87' lang='lat' dir='ltr'><strong>fideliter</strong></span> <span class='ocrx_word' id='word_1_133' title='bbox 466 2835 623 2920; x_wconf 81' lang='lat' dir='ltr'><strong>quamdiu</strong></span> <span class='ocrx_word' id='word_1_134' title='bbox 661 2835 752 2899; x_wconf 85' lang='lat' dir='ltr'><strong>vixit</strong></span> <span class='ocrx_word' id='word_1_135' title='bbox 789 2835 985 2901; x_wconf 84' lang='lat' dir='ltr'><strong>serviebant</strong></span> <span class='ocrx_word' id='word_1_136' title='bbox 1047 2836 1097 2900; x_wconf 88' lang='lat' dir='ltr'><strong>De</strong></span> <span class='ocrx_word' id='word_1_137' title='bbox 1133 2835 1206 2900; x_wconf 80' lang='lat' dir='ltr'><strong>aliis</strong></span> <span class='ocrx_word' id='word_1_138' title='bbox 1244 2835 1341 2900; x_wconf 86' lang='lat' dir='ltr'><strong>terris</strong></span> 
     </span>
     <span class='ocr_line' id='line_1_21' title="bbox 292 2937 1339 3023; baseline -0.001 -21"><span class='ocrx_word' id='word_1_139' title='bbox 292 2960 370 3023; x_wconf 86' lang='lat' dir='ltr'><strong>quas</strong></span> <span class='ocrx_word' id='word_1_140' title='bbox 393 2942 611 3002; x_wconf 76' lang='lat' dir='ltr'><strong>antecessores</strong></span> <span class='ocrx_word' id='word_1_141' title='bbox 633 2937 685 3001; x_wconf 90' lang='lat' dir='ltr'><strong>sui</strong></span> <span class='ocrx_word' id='word_1_142' title='bbox 708 2937 954 3022; x_wconf 88' lang='lat' dir='ltr'><strong>acquisiverunt</strong></span> <span class='ocrx_word' id='word_1_143' title='bbox 977 2937 1060 3001; x_wconf 92' lang='lat' dir='ltr'><strong>nihil</strong></span> <span class='ocrx_word' id='word_1_144' title='bbox 1084 2939 1217 3003; x_wconf 91' lang='lat' dir='ltr'><strong>omnino</strong></span> <span class='ocrx_word' id='word_1_145' title='bbox 1241 2938 1339 3013; x_wconf 87' lang='lat' dir='ltr'><strong>dedit,</strong></span> 
     </span>
     <span class='ocr_line' id='line_1_22' title="bbox 291 3039 1338 3123; baseline -0.001 -19"><span class='ocrx_word' id='word_1_146' title='bbox 291 3040 345 3105; x_wconf 90' lang='lat' dir='ltr'><strong>sed</strong></span> <span class='ocrx_word' id='word_1_147' title='bbox 376 3040 412 3103; x_wconf 93' lang='lat' dir='ltr'><strong>in</strong></span> <span class='ocrx_word' id='word_1_148' title='bbox 444 3062 545 3103; x_wconf 89' lang='lat' dir='ltr'><strong>manu</strong></span> <span class='ocrx_word' id='word_1_149' title='bbox 577 3061 636 3103; x_wconf 86' lang='lat' dir='ltr'><strong>sua</strong></span> <span class='ocrx_word' id='word_1_150' title='bbox 666 3061 769 3123; x_wconf 86' lang='lat' dir='ltr'><strong>usquc</strong></span> <span class='ocrx_word' id='word_1_151' title='bbox 801 3039 843 3102; x_wconf 87' lang='lat' dir='ltr'><strong>ad</strong></span> <span class='ocrx_word' id='word_1_152' title='bbox 876 3039 1004 3104; x_wconf 89' lang='lat' dir='ltr'><strong>obitum</strong></span> <span class='ocrx_word' id='word_1_153' title='bbox 1036 3040 1079 3103; x_wconf 88' lang='lat' dir='ltr'><strong>ad</strong></span> <span class='ocrx_word' id='word_1_154' title='bbox 1111 3040 1338 3104; x_wconf 84' lang='lat' dir='ltr'><strong>necessitatem</strong></span> 
     </span>
     <span class='ocr_line' id='line_1_23' title="bbox 291 3140 1340 3228; baseline -0.002 -22"><span class='ocrx_word' id='word_1_155' title='bbox 291 3142 429 3206; x_wconf 86' lang='lat' dir='ltr'><strong>fratrum</strong></span> <span class='ocrx_word' id='word_1_156' title='bbox 453 3140 690 3206; x_wconf 87' lang='lat' dir='ltr'><strong>honorabiliter</strong></span> <span class='ocrx_word' id='word_1_157' title='bbox 712 3141 829 3205; x_wconf 89' lang='lat' dir='ltr'><strong>tenuit.</strong></span> <span class='ocrx_word' id='word_1_158' title='bbox 877 3140 949 3205; x_wconf 87' lang='lat' dir='ltr'><strong>Nec</strong></span> <span class='ocrx_word' id='word_1_159' title='bbox 981 3162 1128 3226; x_wconf 87' lang='lat' dir='ltr'><strong>unquam</strong></span> <span class='ocrx_word' id='word_1_160' title='bbox 1160 3142 1259 3206; x_wconf 86' lang='lat' dir='ltr'><strong>alicui</strong></span> <span class='ocrx_word' id='word_1_161' title='bbox 1282 3164 1340 3228; x_wconf 85' lang='lat' dir='ltr'><strong>pa·-</strong></span> 
     </span>
     <span class='ocr_line' id='line_1_24' title="bbox 290 3243 1339 3329; baseline -0.002 -20"><span class='ocrx_word' id='word_1_162' title='bbox 290 3247 375 3310; x_wconf 86' lang='lat' dir='ltr'><strong>renti</strong></span> <span class='ocrx_word' id='word_1_163' title='bbox 408 3245 449 3309; x_wconf 89' lang='lat' dir='ltr'><strong>de</strong></span> <span class='ocrx_word' id='word_1_164' title='bbox 483 3244 534 3308; x_wconf 90' lang='lat' dir='ltr'><strong>his</strong></span> <span class='ocrx_word' id='word_1_165' title='bbox 557 3244 609 3308; x_wconf 88' lang='lat' dir='ltr'><strong>vel</strong></span> <span class='ocrx_word' id='word_1_166' title='bbox 646 3243 686 3308; x_wconf 87' lang='lat' dir='ltr'><strong>de</strong></span> <span class='ocrx_word' id='word_1_167' title='bbox 720 3244 793 3307; x_wconf 82' lang='lat' dir='ltr'><strong>aliis</strong></span> <span class='ocrx_word' id='word_1_168' title='bbox 824 3244 921 3308; x_wconf 83' lang='lat' dir='ltr'><strong>terris</strong></span> <span class='ocrx_word' id='word_1_169' title='bbox 944 3244 1070 3329; x_wconf 88' lang='lat' dir='ltr'><strong>aliquid</strong></span> <span class='ocrx_word' id='word_1_170' title='bbox 1094 3245 1260 3320; x_wconf 81' lang='lat' dir='ltr'><strong>concessit,</strong></span> <span class='ocrx_word' id='word_1_171' title='bbox 1283 3245 1339 3308; x_wconf 83' lang='lat' dir='ltr'><strong>sod</strong></span> 
     </span>
     <span class='ocr_line' id='line_1_25' title="bbox 290 3346 1339 3433; baseline -0.001 -22"><span class='ocrx_word' id='word_1_172' title='bbox 290 3353 392 3411; x_wconf 83' lang='lat' dir='ltr'><strong>terras</strong></span> <span class='ocrx_word' id='word_1_173' title='bbox 428 3353 602 3432; x_wconf 88' lang='lat' dir='ltr'><strong>parentum</strong></span> <span class='ocrx_word' id='word_1_174' title='bbox 636 3367 769 3409; x_wconf 86' lang='lat' dir='ltr'><strong>suorum</strong></span> <span class='ocrx_word' id='word_1_175' title='bbox 803 3367 1023 3431; x_wconf 65' lang='lat' dir='ltr'><strong>rpuaseumque</strong></span> <span class='ocrx_word' id='word_1_176' title='bbox 1057 3351 1187 3433; x_wconf 86' lang='lat' dir='ltr'><strong>poterat</strong></span> <span class='ocrx_word' id='word_1_177' title='bbox 1220 3346 1339 3410; x_wconf 78' lang='lat' dir='ltr'><strong>haber-c</strong></span> 
     </span>
     <span class='ocr_line' id='line_1_26' title="bbox 290 3446 1337 3534; baseline -0.002 -21"><span class='ocrx_word' id='word_1_178' title='bbox 290 3448 431 3515; x_wconf 73' lang='lat' dir='ltr'><strong>ecclesiae</strong></span> <span class='ocrx_word' id='word_1_179' title='bbox 454 3447 601 3512; x_wconf 84' lang='lat' dir='ltr'><strong>tradidit.</strong></span> <span class='ocrx_word' id='word_1_180' title='bbox 647 3446 747 3512; x_wconf 90' lang='lat' dir='ltr'><strong>Omni</strong></span> <span class='ocrx_word' id='word_1_181' title='bbox 780 3452 926 3534; x_wconf 85' lang='lat' dir='ltr'><strong>ternpore</strong></span> <span class='ocrx_word' id='word_1_182' title='bbox 950 3448 1031 3513; x_wconf 72' lang='lat' dir='ltr'><strong>vitan</strong></span> <span class='ocrx_word' id='word_1_183' title='bbox 1062 3471 1130 3512; x_wconf 64' lang='lat' dir='ltr'><strong>suec</strong></span> <span class='ocrx_word' id='word_1_184' title='bbox 1162 3470 1229 3512; x_wconf 91' lang='lat' dir='ltr'><strong>non</strong></span> <span class='ocrx_word' id='word_1_185' title='bbox 1264 3470 1337 3512; x_wconf 85' lang='lat' dir='ltr'><strong>oon-</strong></span> 
     </span>
     <span class='ocr_line' id='line_1_27' title="bbox 292 3548 1338 3636; baseline -0.002 -22"><span class='ocrx_word' id='word_1_186' title='bbox 292 3551 383 3616; x_wconf 87' lang='lat' dir='ltr'><strong>tinue</strong></span> <span class='ocrx_word' id='word_1_187' title='bbox 406 3550 463 3615; x_wconf 83' lang='lat' dir='ltr'><strong>sed</strong></span> <span class='ocrx_word' id='word_1_188' title='bbox 484 3549 671 3634; x_wconf 87' lang='lat' dir='ltr'><strong>frequenter</strong></span> <span class='ocrx_word' id='word_1_189' title='bbox 693 3548 836 3614; x_wconf 90' lang='lat' dir='ltr'><strong>dolorem</strong></span> <span class='ocrx_word' id='word_1_190' title='bbox 860 3550 980 3636; x_wconf 87' lang='lat' dir='ltr'><strong>pedum</strong></span> <span class='ocrx_word' id='word_1_191' title='bbox 995 3550 1225 3636; x_wconf 82' lang='lat' dir='ltr'><strong>gravissimum</strong></span> <span class='ocrx_word' id='word_1_192' title='bbox 1241 3573 1338 3635; x_wconf 86' lang='lat' dir='ltr'><strong>quern</strong></span> 
     </span>
     <span class='ocr_line' id='line_1_28' title="bbox 292 3649 1338 3738; baseline -0.001 -22"><span class='ocrx_word' id='word_1_193' title='bbox 292 3652 395 3717; x_wconf 63' lang='lat' dir='ltr'><strong>Graeci</strong></span> <span class='ocrx_word' id='word_1_194' title='bbox 414 3649 592 3738; x_wconf 71' lang='lat' dir='ltr'><strong>podrupra</strong></span> <span class='ocrx_word' id='word_1_195' title='bbox 625 3651 800 3738; x_wconf 85' lang='lat' dir='ltr'><strong>appellant,</strong></span> <span class='ocrx_word' id='word_1_196' title='bbox 836 3652 1030 3737; x_wconf 81' lang='lat' dir='ltr'><strong>patiebatur,</strong></span> <span class='ocrx_word' id='word_1_197' title='bbox 1077 3652 1122 3717; x_wconf 87' lang='lat' dir='ltr'><strong>Et</strong></span> <span class='ocrx_word' id='word_1_198' title='bbox 1155 3652 1216 3716; x_wconf 85' lang='lat' dir='ltr'><strong>hac</strong></span> <span class='ocrx_word' id='word_1_199' title='bbox 1246 3653 1338 3715; x_wconf 89' lang='lat' dir='ltr'><strong>infir-</strong></span> 
     </span>
     <span class='ocr_line' id='line_1_29' title="bbox 290 3753 1338 3842; baseline 0 -24"><span class='ocrx_word' id='word_1_200' title='bbox 290 3756 403 3820; x_wconf 83' lang='lat' dir='ltr'><strong>mitate</strong></span> <span class='ocrx_word' id='word_1_201' title='bbox 426 3760 506 3819; x_wconf 90' lang='lat' dir='ltr'><strong>ante</strong></span> <span class='ocrx_word' id='word_1_202' title='bbox 536 3753 636 3819; x_wconf 90' lang='lat' dir='ltr'><strong>finem</strong></span> <span class='ocrx_word' id='word_1_203' title='bbox 669 3775 763 3818; x_wconf 84' lang='lat' dir='ltr'><strong>suurn</strong></span> <span class='ocrx_word' id='word_1_204' title='bbox 796 3753 979 3820; x_wconf 86' lang='lat' dir='ltr'><strong>diutissime</strong></span> <span class='ocrx_word' id='word_1_205' title='bbox 1013 3755 1181 3842; x_wconf 76' lang='lat' dir='ltr'><strong>fatigatus,</strong></span> <span class='ocrx_word' id='word_1_206' title='bbox 1205 3755 1338 3820; x_wconf 79' lang='lat' dir='ltr'><strong>tandem</strong></span> 
     </span>
     <span class='ocr_line' id='line_1_30' title="bbox 289 3855 1461 3944; baseline 0.003 -23.021"><span class='ocrx_word' id='word_1_207' title='bbox 289 3879 374 3921; x_wconf 78' lang='lat' dir='ltr'><strong>inno</strong></span> <span class='ocrx_word' id='word_1_208' title='bbox 409 3856 592 3922; x_wconf 82' lang='lat' dir='ltr'><strong>Dominicae</strong></span> <span class='ocrx_word' id='word_1_209' title='bbox 617 3855 857 3921; x_wconf 84' lang='lat' dir='ltr'><strong>Incarnationis</strong></span> <span class='ocrx_word' id='word_1_210' title='bbox 890 3857 1062 3922; x_wconf 77' lang='lat' dir='ltr'><strong>millesimo</strong></span> <span class='ocrx_word' id='word_1_211' title='bbox 1099 3858 1339 3944; x_wconf 81' lang='lat' dir='ltr'><strong>septuagesimo</strong></span> <span class='ocrx_word' id='word_1_212' title='bbox 1352 3874 1443 3939; x_wconf 80' lang='lat' dir='ltr'><strong>Agelw</strong></span> <span class='ocrx_word' id='word_1_213' title='bbox 1421 3894 1461 3942; x_wconf 79' lang='lat' dir='ltr'><strong>wy</strong></span> 
     </span>
     <span class='ocr_line' id='line_1_31' title="bbox 288 3942 1442 4069; baseline -0.001 -43.999"><span class='ocrx_word' id='word_1_214' title='bbox 288 3961 427 4047; x_wconf 83' lang='lat' dir='ltr'><strong>septimo</strong></span> <span class='ocrx_word' id='word_1_215' title='bbox 451 3960 567 4046; x_wconf 89' lang='lat' dir='ltr'><strong>plenus</strong></span> <span class='ocrx_word' id='word_1_216' title='bbox 594 3960 761 4037; x_wconf 87' lang='lat' dir='ltr'><strong>dierum,</strong></span> <span class='ocrx_word' id='word_1_217' title='bbox 753 3982 788 4022; x_wconf 91' lang='lat' dir='ltr'><strong>m</strong></span> <span class='ocrx_word' id='word_1_218' title='bbox 811 3982 891 4024; x_wconf 87' lang='lat' dir='ltr'><strong>vora</strong></span> <span class='ocrx_word' id='word_1_219' title='bbox 924 3961 1126 4025; x_wconf 84' lang='lat' dir='ltr'><strong>confossione</strong></span> <span class='ocrx_word' id='word_1_220' title='bbox 1159 3958 1413 4069; x_wconf 51' lang='lat' dir='ltr'><strong>sanctoquagoffjt</strong></span> <span class='ocrx_word' id='word_1_221' title='bbox 1352 3942 1405 3990; x_wconf 73' lang='lat'><strong>‘¹¹⁰⁸</strong></span> <span class='ocrx_word' id='word_1_222' title='bbox 1411 3945 1442 3992; x_wconf 72' lang='lat' dir='ltr'><strong>⁰f</strong></span> 
     </span>
     <span class='ocr_line' id='line_1_32' title="bbox 289 4017 1453 4178; baseline 0 -51"><span class='ocrx_word' id='word_1_223' title='bbox 289 4062 409 4127; x_wconf 86' lang='lat' dir='ltr'><strong>viatico</strong></span> <span class='ocrx_word' id='word_1_224' title='bbox 434 4060 587 4148; x_wconf 88' lang='lat' dir='ltr'><strong>Corporis</strong></span> <span class='ocrx_word' id='word_1_225' title='bbox 619 4069 653 4127; x_wconf 89' lang='lat' dir='ltr'><strong>et</strong></span> <span class='ocrx_word' id='word_1_226' title='bbox 685 4061 869 4178; x_wconf 84' lang='lat' dir='ltr'><strong>Sanguinis</strong></span> <span class='ocrx_word' id='word_1_227' title='bbox 887 4062 1024 4127; x_wconf 86' lang='lat' dir='ltr'><strong>Domini</strong></span> <span class='ocrx_word' id='word_1_228' title='bbox 1048 4069 1206 4149; x_wconf 69' lang='lat' dir='ltr'><strong>perceptu,</strong></span> <span class='ocrx_word' id='word_1_229' title='bbox 1230 4085 1336 4127; x_wconf 85' lang='lat' dir='ltr'><strong>coram</strong></span> <span class='ocrx_word' id='word_1_230' title='bbox 1351 4017 1453 4127; x_wconf 68' lang='lat' dir='ltr'><strong>lduieu</strong></span> 
     </span>
     <span class='ocr_line' id='line_1_33' title="bbox 289 4142 1492 4251; baseline 0.001 -22"><span class='ocrx_word' id='word_1_231' title='bbox 289 4164 448 4229; x_wconf 83' lang='lat' dir='ltr'><strong>fratribus</strong></span> <span class='ocrx_word' id='word_1_232' title='bbox 483 4170 517 4228; x_wconf 88' lang='lat' dir='ltr'><strong>ct</strong></span> <span class='ocrx_word' id='word_1_233' title='bbox 555 4162 633 4227; x_wconf 90' lang='lat' dir='ltr'><strong>filiis</strong></span> <span class='ocrx_word' id='word_1_234' title='bbox 670 4185 744 4227; x_wconf 92' lang='lat' dir='ltr'><strong>eum</strong></span> <span class='ocrx_word' id='word_1_235' title='bbox 791 4162 893 4228; x_wconf 87' lang='lat' dir='ltr'><strong>nimio</strong></span> <span class='ocrx_word' id='word_1_236' title='bbox 940 4163 1050 4228; x_wconf 88' lang='lat' dir='ltr'><strong>dolore</strong></span> <span class='ocrx_word' id='word_1_237' title='bbox 1097 4165 1336 4251; x_wconf 84' lang='lat' dir='ltr'><strong>plangentibus,</strong></span> <span class='ocrx_word' id='word_1_238' title='bbox 1350 4142 1418 4193; x_wconf 86' lang='lat' dir='ltr'>A..1)</span> <span class='ocrx_word' id='word_1_239' title='bbox 1424 4150 1492 4196; x_wconf 77' lang='lat'><strong>¹⁰⁷⁷·</strong></span> 
     </span>
     <span class='ocr_line' id='line_1_34' title="bbox 288 4266 1336 4354; baseline 0.003 -24"><span class='ocrx_word' id='word_1_240' title='bbox 288 4290 368 4354; x_wconf 87' lang='lat' dir='ltr'><strong>qnos</strong></span> <span class='ocrx_word' id='word_1_241' title='bbox 400 4272 539 4354; x_wconf 88' lang='lat' dir='ltr'><strong>paterno</strong></span> <span class='ocrx_word' id='word_1_242' title='bbox 572 4288 682 4331; x_wconf 84' lang='lat' dir='ltr'><strong>umore</strong></span> <span class='ocrx_word' id='word_1_243' title='bbox 704 4266 875 4344; x_wconf 81' lang='lat' dir='ltr'><strong>dilexerat,</strong></span> <span class='ocrx_word' id='word_1_244' title='bbox 899 4267 1143 4351; x_wconf 83' lang='lat' dir='ltr'><strong>quartodecimo</strong></span> <span class='ocrx_word' id='word_1_245' title='bbox 1167 4267 1336 4333; x_wconf 87' lang='lat' dir='ltr'><strong>Kalendas</strong></span> 
     </span>
     <span class='ocr_line' id='line_1_35' title="bbox 287 4368 1336 4454; baseline 0.004 -21"><span class='ocrx_word' id='word_1_246' title='bbox 287 4369 402 4434; x_wconf 82' lang='lat' dir='ltr'><strong>Martii</strong></span> <span class='ocrx_word' id='word_1_247' title='bbox 439 4369 606 4434; x_wconf 87' lang='lat' dir='ltr'><strong>hominem</strong></span> <span class='ocrx_word' id='word_1_248' title='bbox 653 4368 760 4434; x_wconf 85' lang='lat' dir='ltr'><strong>exivit</strong></span> <span class='ocrx_word' id='word_1_249' title='bbox 797 4376 831 4434; x_wconf 92' lang='lat' dir='ltr'><strong>et</strong></span> <span class='ocrx_word' id='word_1_250' title='bbox 869 4393 934 4454; x_wconf 82' lang='lat' dir='ltr'><strong>quo</strong></span> <span class='ocrx_word' id='word_1_251' title='bbox 978 4370 1110 4435; x_wconf 75' lang='lat' dir='ltr'><strong>Divinae</strong></span> <span class='ocrx_word' id='word_1_252' title='bbox 1155 4371 1336 4437; x_wconf 68' lang='lat' dir='ltr'><strong>clementiae</strong></span> 
     </span>
     <span class='ocr_line' id='line_1_36' title="bbox 285 4471 1335 4558; baseline 0.004 -23"><span class='ocrx_word' id='word_1_253' title='bbox 285 4471 411 4558; x_wconf 82' lang='lat' dir='ltr'><strong>placuit</strong></span> <span class='ocrx_word' id='word_1_254' title='bbox 443 4471 600 4558; x_wconf 87' lang='lat' dir='ltr'><strong>spiritum</strong></span> <span class='ocrx_word' id='word_1_255' title='bbox 631 4471 824 4537; x_wconf 85' lang='lat' dir='ltr'><strong>transmisit.</strong></span> <span class='ocrx_word' id='word_1_256' title='bbox 880 4471 984 4556; x_wconf 83' lang='lat' dir='ltr'><strong>Cujus</strong></span> <span class='ocrx_word' id='word_1_257' title='bbox 1016 4472 1134 4538; x_wconf 63' lang='lat' dir='ltr'><strong>animae</strong></span> <span class='ocrx_word' id='word_1_258' title='bbox 1167 4481 1335 4539; x_wconf 86' lang='lat' dir='ltr'><strong>succurrat</strong></span> 
     </span>
     <span class='ocr_line' id='line_1_37' title="bbox 285 4572 1334 4660; baseline 0.001 -21"><span class='ocrx_word' id='word_1_259' title='bbox 285 4582 319 4639; x_wconf 89' lang='lat' dir='ltr'><strong>et</strong></span> <span class='ocrx_word' id='word_1_260' title='bbox 341 4573 533 4638; x_wconf 79' lang='lat' dir='ltr'><strong>misereatur</strong></span> <span class='ocrx_word' id='word_1_261' title='bbox 556 4595 683 4638; x_wconf 89' lang='lat' dir='ltr'><strong>summa</strong></span> <span class='ocrx_word' id='word_1_262' title='bbox 698 4573 802 4660; x_wconf 82' lang='lat' dir='ltr'><strong>pietas</strong></span> <span class='ocrx_word' id='word_1_263' title='bbox 818 4572 902 4639; x_wconf 90' lang='lat' dir='ltr'><strong>Dei:</strong></span> <span class='ocrx_word' id='word_1_264' title='bbox 928 4576 1043 4640; x_wconf 87' lang='lat' dir='ltr'><strong>Arnen.</strong></span> <span class='ocrx_word' id='word_1_265' title='bbox 1091 4576 1231 4657; x_wconf 79' lang='lat' dir='ltr'><strong>Quando</strong></span> <span class='ocrx_word' id='word_1_266' title='bbox 1248 4578 1334 4642; x_wconf 86' lang='lat' dir='ltr'><strong>enim</strong></span> 
     </span>
    </p>
   </div>
   <div class='ocr_carea' id='block_1_3' title="bbox 286 4675 1335 4764">
    <p class='ocr_par' dir='ltr' id='par_1_3' title="bbox 286 4675 1335 4764">
     <span class='ocr_line' id='line_1_38' title="bbox 286 4675 1335 4764; baseline 0.003 -25"><span class='ocrx_word' id='word_1_267' title='bbox 286 4676 353 4763; x_wconf 85' lang='lat' dir='ltr'><strong>ipse</strong></span> <span class='ocrx_word' id='word_1_268' title='bbox 388 4676 545 4764; x_wconf 86' lang='lat' dir='ltr'><strong>primitus</strong></span> <span class='ocrx_word' id='word_1_269' title='bbox 567 4675 668 4742; x_wconf 87' lang='lat' dir='ltr'><strong>abbas</strong></span> <span class='ocrx_word' id='word_1_270' title='bbox 702 4678 839 4743; x_wconf 87' lang='lat' dir='ltr'><strong>effectus</strong></span> <span class='ocrx_word' id='word_1_271' title='bbox 874 4689 932 4760; x_wconf 88' lang='lat' dir='ltr'><strong>est,</strong></span> <span class='ocrx_word' id='word_1_272' title='bbox 956 4700 1023 4744; x_wconf 91' lang='lat' dir='ltr'><strong>non</strong></span> <span class='ocrx_word' id='word_1_273' title='bbox 1057 4686 1151 4744; x_wconf 85' lang='lat' dir='ltr'><strong>erant</strong></span> <span class='ocrx_word' id='word_1_274' title='bbox 1185 4679 1238 4745; x_wconf 89' lang='lat' dir='ltr'><strong>hic</strong></span> <span class='ocrx_word' id='word_1_275' title='bbox 1271 4679 1335 4744; x_wconf 87' lang='lat' dir='ltr'><strong>nisi</strong></span> 
     </span>
    </p>
   </div>
   <div class='ocr_carea' id='block_1_4' title="bbox 0 0 1640 5656">
    <p class='ocr_par' dir='ltr' id='par_1_4' title="bbox 0 0 1640 5656">
     <span class='ocr_line' id='line_1_39' title="bbox 0 0 1640 5656; baseline 0 3"><span class='ocrx_word' id='word_1_276' title='bbox 0 0 1640 5656; x_wconf 95' lang='lat' dir='ltr'><strong> </strong></span> 
     </span>
    </p>
   </div>
  </div>
 </body>
</html>
