3270 5656
490 804 693 857 efluourcou
715 804 874 858 unauna
896 808 944 858 nn
966 809 1138 859 uvasunn.
1272 798 1337 859 213

288 994 356 1029 cum
379 995 437 1031 una
454 978 571 1050 virgata
589 981 692 1035 terreo¹
715 987 745 1035 et
765 981 831 1035 aliis
849 982 1033 1051 pertinentiis
1055 983 1117 1037 anis
1141 983 1177 1037 dc
1197 1001 1254 1054 quo
1274 986 1505 1054 pcr·÷A.D.1206.

287 1061 362 1133 cipit
385 1062 562 1118 infirmarius
590 1071 650 1119 tres
673 1063 811 1128 marcas‚‘·'
838 1071 867 1119 et
894 1065 951 1119 <luo
981 1065 1146 1120 molendina
1169 1066 1205 1120 do
1231 1067 1336 1130 Stoura,

287 1144 454 1214 dequibus
475 1148 601 1218 percipit
624 1149 770 1204 sexdecim
790 1148 908 1213 solidos,
931 1158 962 1204 et
982 1149 1040 1204 duo
1065 1149 1171 1204 solidi³
1199 1150 1236 1205 de
1259 1156 1339 1206 terra

287 1228 369 1282 Towi
390 1229 421 1284 in
439 1231 540 1286 eadem
560 1233 641 1298 villa,
667 1238 697 1288 et
715 1233 773 1287 duo
797 1232 883 1287 solidi
902 1232 937 1287 de
961 1238 1041 1288 terra
1059 1234 1157 1289 vicina
1179 1233 1284 1300 eidem,
1309 1240 1340 1290 et

287 1313 396 1384 viginti
408 1313 520 1370 denarii
532 1316 563 1370 in
580 1317 681 1371 eadem
699 1316 773 1372 villa
793 1316 829 1371 de
844 1323 923 1371 terra
939 1315 1075 1382 Andreae,
1096 1322 1127 1373 et
1144 1317 1175 1372 in
1192 1318 1339 1373 Evesham

288 1396 326 1451 do
349 1403 431 1452 terra
447 1397 568 1454 Ricardi
585 1400 720 1472 Sperwe⁴
740 1399 851 1471 viginti
867 1400 925 1454 duo
948 1400 1071 1456 denarii.
1107 1401 1152 1455 De
1172 1407 1252 1456 terra
1270 1400 1339 1456 Gal·

289 1480 360 1535 fridi
378 1482 582 1538 molendinarii
602 1484 704 1540 decem
728 1490 758 1539 et
781 1490 845 1539 octo
864 1484 986 1538 denarii.
1030 1484 1075 1539 De
1093 1490 1174 1539 tarra
1194 1485 1336 1540 lobannis

288 1563 326 1618 de
347 1564 428 1621 Kent
451 1567 645 1638 quadraginta
667 1567 802 1623 denarii⁶
845 1568 934 1639 Apud
955 1568 1140 1623 Pcnwrtham
1168 1568 1226 1624 duo
1250 1568 1337 1623 aelidi

289 1648 327 1704 de
351 1656 430 1706 terra
453 1651 594 1723 Stephani
617 1652 654 1707 dc
681 1652 774 1718 More,
795 1659 826 1707 et
853 1652 955 1707 decem
983 1659 1013 1708 et
1041 1659 1106 1708 octo
1133 1653 1169 1707 da
1196 1659 1276 1708 terra
1301 1654 1337 1708 de

290 1733 410 1788 Hotunc
433 1734 555 1791 Roberti
574 1735 744 1807 Antigonia,
771 1742 801 1791 et
824 1735 978 1791 duodecim
1001 1737 1037 1791 de
1062 1747 1142 1791 terra
1165 1737 1287 1792 Roberti
1309 1737 1338 1791 le

292 1817 404 1884 Stucis,
424 1825 455 1874 et
475 1837 526 1875 sex
545 1821 659 1876 denarii
680 1820 716 1874 de
736 1820 861 1891 quadam
880 1827 960 1875 terra
979 1820 1015 1875 de
1035 1821 1201 1887 Fariutona,
1222 1827 1252 1876 et
1270 1821 1340 1875 duo·

289 1901 386 1956 decim
412 1902 524 1958 denarii
551 1904 587 1959 de
614 1905 741 1975 piscaria
766 1904 803 1958 de
830 1904 958 1959 Roberto
984 1905 1099 1960 Bussel.
1147 1905 1191 1960 De
1220 1905 1340 1960 Sulstan

289 2004 361 2040 vero
381 1986 503 2043 dimidia
525 1989 644 2044 marca.⁶
689 1989 751 2044 Iste
776 1989 865 2043 ctiam
891 1988 1071 2044 infirmarius
1097 1988 1185 2045 debet
1208 1990 1339 2060 recipere

289 2070 423 2127 redditus
448 2073 499 2142 qui
522 2074 642 2129 fuerunt
664 2073 700 2127 de
725 2073 905 2145 pitanciario,
937 2073 987 2144 qui
1007 2075 1154 2144 pertinent
1175 2073 1212 2129 ad
1236 2073 1338 2140 cibos‚⁷

289 2154 403 2210 scilicet
426 2156 462 2211 de
484 2156 660 2213 Wortesleia
690 2163 721 2213 et
752 2157 788 2211 de
818 2158 975 2212 Livintona
1002 2158 1075 2212 duas
1098 2176 1223 2223 marcas,
1249 2165 1279 2213 ct
1302 2157 1338 2212 de

289 2239 413 2294 sacrista
433 2240 561 2310 quinque
580 2240 730 2296 marcas⁸⁹
750 2259 822 2313 quas
840 2241 963 2297 sacrista
974 2241 1025 2296 dat
1036 2241 1185 2296 annuatim
1203 2259 1257 2312 pro
1274 2242 1341 2296 hos·

290 2322 363 2393 pitio
382 2324 459 2395 quod
476 2323 594 2379 abbates
612 2331 826 2380 consueverunt
846 2331 1018 2395 extorquere
1036 2325 1145 2395 injusto
1164 2324 1200 2378 ab
1224 2343 1268 2389 co,
1289 2324 1341 2379 sed

289 2406 378 2461 abbas
391 2406 555 2463 Rondulfus
568 2409 727 2463 secundum
739 2409 897 2480 privilegia
909 2408 1040 2463 ecclesiae
1052 2414 1083 2463 et
1098 2413 1207 2462 statuta
1219 2408 1341 2479 capituli

289 2490 435 2559 generalis
448 2492 643 2546 sacristariam
662 2493 739 2548 sicut
756 2499 786 2548 et
801 2493 874 2547 alias
892 2491 1072 2547 obedientias
1092 2492 1250 2547 decernens
1269 2492 1341 2546 libe·

290 2592 354 2628 ram
383 2592 447 2629 esse
477 2575 593 2640 debere,
624 2576 670 2631 illi
695 2577 822 2648 hospitio
842 2582 872 2630 ot
892 2576 1026 2631 omnibus
1053 2575 1119 2630 aliis
1141 2575 1340 2630 exactionibus

290 2675 345 2728 pro
363 2675 394 2713 ae
412 2665 442 2713 et
460 2659 676 2715 successoribus
697 2661 759 2716 suis
767 2659 789 2692 ¹⁰
806 2660 999 2723 renunciaait
1019 2666 1053 2714 ut
1069 2659 1101 2712 in
1118 2660 1242 2713 fratrum
1261 2658 1341 2714 utili-

289 2741 399 2796 tatibus
423 2748 453 2796 et
476 2743 608 2798 ecclesiae
626 2743 729 2799 usibus
748 2743 785 2798 ad
804 2761 876 2814 quos
895 2742 1027 2814 deputati
1051 2748 1120 2797 sunt
1142 2741 1276 2798 redditus
1295 2761 1340 2797 aa·

289 2827 443 2891 cristariaa
472 2827 550 2883 sicut
579 2833 609 2883 et
638 2828 763 2882 aliarum
781 2827 1024 2893 obedientiarum,
1049 2826 1142 2882 libere
1171 2834 1201 2882 et
1230 2827 1340 2899 absque

291 2909 371 2963 omni
390 2909 582 2965 diminutione
601 2911 831 2983 expendantur.¹¹

325 3086 332 3116 ¹
346 3096 370 3136 ct
381 3087 478 3151 foragio
491 3087 567 3136 unius
584 3087 641 3152 equi
653 3095 678 3137 et
691 3087 789 3151 foragio
871 3090 880 3116 ⁷
892 3088 943 3137 Istc
1003 3086 1081 3152 cibos]
1096 3103 1145 3136 om.
1157 3087 1218 3136 ibid.

289 3176 365 3215 certa
382 3166 529 3230 quantitatis
545 3168 577 3216 ad
594 3166 789 3216 calefaciendum
869 3168 931 3217 ⁸De
942 3167 982 3217 hia
998 3175 1082 3216 tamen
1099 3167 1205 3235 percipit
1221 3167 1340 3231 coquina·

289 3260 383 3309 aquarn
394 3245 426 3294 ad
437 3260 539 3308 pannos.
573 3247 641 3296 Add„
653 3246 713 3296 ibid.
836 3247 889 3296 rius
912 3246 1005 3310 viginti
1029 3245 1122 3295 solidos
1150 3253 1176 3294 at
1199 3245 1339 3295 faciendum

323 3323 397 3373 ²Pro
420 3324 461 3373 his
483 3325 563 3374 tribus
586 3325 678 3376 marcis
700 3324 789 3388 recipit
837 3325 1034 3375 miscricordiam
1045 3323 1152 3380 tertiam,
1168 3323 1208 3372 tel
1220 3323 1290 3373 dabit
1301 3323 1340 3372 in-

289 3405 354 3452 duas
376 3410 401 3452 et
428 3403 558 3453 dimidiam
585 3405 616 3454 dc
644 3405 738 3468 capella
759 3405 790 3454 de
836 3404 947 3453 firmario
974 3405 1060 3452 decem
1088 3403 1180 3452 solidos
1202 3418 1260 3451 cum
1288 3402 1339 3451 illis

288 3484 441 3548 Baddcseya
459 3489 484 3532 et
503 3483 633 3533 dimidiam
651 3485 681 3534 de
698 3484 792 3547 capella
838 3483 930 3549 viginti
942 3483 1034 3546 utipse
1045 3481 1121 3531 faeiat
1133 3481 1239 3531 tertiam.
1274 3480 1340 3532 Note

288 3565 321 3613 de
341 3564 506 3612 Bretsortona.
515 3591 549 3600 —
557 3563 622 3613 Note
644 3565 670 3612 ia
690 3565 790 3629 muryiu.
838 3572 866 3614 at
879 3562 978 3626 tltesoot
989 3562 1021 3625 of
1027 3560 1065 3610 tle
1074 3577 1145 3628 pape.

288 3643 343 3693 Sed
352 3650 452 3706 propter
460 3643 590 3706 predictae
600 3643 791 3693 consuetudines
871 3640 985 3691 ⁹seilicet
1040 3641 1149 3706 nareae]
1169 3641 1213 3689 Ad
1225 3640 1340 3691 refectio·

288 3722 407 3772 taedioaas
425 3728 451 3771 et
466 3736 582 3771 onerosas
608 3723 639 3772 dc
661 3722 731 3772 curia
753 3739 792 3772 as-
839 3738 896 3772 uem
907 3722 1011 3771 frium
1029 3721 1056 3769 iu
1067 3720 1204 3770 infirmario
1215 3721 1341 3784 pertinent

287 3801 377 3863 signet
386 3799 410 3848 ci
422 3801 498 3849 abbas
507 3801 566 3850 alibi
575 3801 630 3850 illas
639 3809 792 3851 tresmarcas
840 3804 870 3851 de
898 3800 1057 3851 Wrottcsleia
1092 3807 1117 3849 et
1145 3801 1176 3849 de
1204 3800 1341 3851 Liviutoua

290 3879 336 3928 ubi
355 3877 470 3928 voluerit
509 3880 640 3930 Pertineut
663 3881 793 3930 etiamad
843 3877 1107 3946 [Lutteltouc‚Hcrl.]
1127 3880 1182 3928 duta
1199 3881 1341 3937 mercada

290 3958 361 4007 idem
373 3957 483 4007 officium
494 3960 545 4008 duo
555 3985 595 4009 -.
629 3960 698 4009 Add.
712 3960 773 4010 ibid.
840 3959 986 4023 coquinario
1003 3974 1062 4007 vero
1081 3959 1167 4007 decem
1187 3958 1269 4014 solidi,
1282 3960 1341 4022 quia

326 4040 336 4065 ³
348 4035 396 4086 duc
406 4034 491 4103 aelidi]
505 4053 554 4088 om.
566 4037 637 4089 Harl.
840 4039 950 4103 parcitur
957 4037 1070 4101 coquina·
1080 4051 1124 4099 per
1131 4036 1340 4095 misericordiam

328 4114 460 4182 1δρενιοε]
490 4115 599 4180 Sparwe.
649 4118 719 4181 Aug.
743 4118 792 4167 and
840 4121 870 4169 dc
888 4117 992 4167 sacrista
1011 4123 1093 4165 autem
1113 4115 1222 4179 quinque
1242 4130 1339 4166 marca.

289 4196 365 4246 Harl.
790 4262 791 4265 Ἴ
841 4202 909 4265 Aug.
923 4199 1053 4250 audllarl.

324 4276 420 4324 ³modo
432 4290 483 4324 nou
494 4276 584 4339 recipit
596 4276 645 4325 uisi
656 4278 718 4326 duos
730 4276 789 4326 soli·
876 4283 893 4310 ¹⁰
907 4279 1094 4341 imperpetuum.
1129 4277 1198 4326 Add.
1210 4275 1271 4325 ibid.

289 4357 338 4404 dos
351 4370 429 4418 usque
446 4364 502 4419 post
519 4363 623 4405 mortem
641 4356 735 4405 relictae
747 4357 793 4406 Jo-
876 4361 891 4389 ¹¹
904 4360 938 4407 Et
950 4372 1025 4405 unam
1037 4355 1163 4405 marcham
1175 4372 1249 4420 quam
1266 4357 1341 4407 abbas

291 4434 394 4483 hannis·
429 4433 493 4483 Nolo
504 4436 592 4499 alswl
602 4436 635 4498 of
643 4433 680 4484 tlte
688 4452 759 4500 paee·
842 4437 982 4488 liuddulfus
1001 4436 1069 4485 dedit
1088 4436 1121 4484 ad
1141 4435 1340 4484 emendationem

325 4515 372 4562 ‘et
393 4528 445 4562 uua
466 4528 550 4562 marca
581 4515 613 4562 ad
643 4515 795 4564 minutiones
819 4546 821 4551 ,
842 4514 1115 4567 diateurouaehorum
1139 4514 1219 4578 prima
1236 4514 1277 4563 die
1294 4515 1340 4562 rni-

288 4609 368 4658 quam
394 4594 469 4642 abbas
497 4593 640 4643 Rondulfus
668 4595 737 4643 dedit
764 4595 795 4644 de
843 4597 981 4646 nationum.
1005 4594 1339 4656 Haucpercipitdeb'touua.

289 4671 611 4724 ecclesiadelluuibume.
644 4672 712 4725 Add.
725 4673 793 4738 Aug.
843 4674 1041 4740 Muryiaaluote.
1071 4673 1126 4722 The
1137 4674 1185 4722 last
1197 4673 1265 4722 three
1277 4673 1342 4722 linea

290 4754 345 4805 und
357 4751 429 4803 ltart
844 4756 869 4804 in
889 4755 931 4804 tlte
949 4761 1003 4805 text
1025 4769 1072 4804 run
1090 4753 1148 4803 thus
1168 4752 1194 4802 iu
1213 4752 1280 4817 Aug.
1292 4754 1342 4806 aad
