3264 5662
495 807 698 864 csuosroou
720 805 880 861 anesus
904 810 950 860 ns
973 809 1146 863 svnsssu.
1285 800 1349 867 163

291 1008 309 1033 “
333 998 475 1085 optimas
490 996 764 1063 contradictiones
779 1001 813 1061 et
831 995 917 1081 juris
932 997 1036 1061 nostri
1054 1002 1087 1063 et
1102 999 1348 1086 privilegiorum
1359 1028 1428 1082 M),
1443 1036 1514 1084 1205,

294 1110 311 1136 ‘⁴
334 1108 521 1167 nostrorum
544 1100 800 1187 protestationes
828 1120 940 1164 eorum
963 1101 1102 1166 malitiae
1129 1102 1346 1184 obviavimus,

294 1213 309 1239 “
335 1204 383 1269 ita
404 1204 493 1290 quod
516 1208 631 1268 contra
662 1201 831 1267 ecclesiam
863 1206 1009 1267 nostram
1040 1225 1211 1289 nunquam
1235 1205 1347 1291 aliqua

292 1314 459 1370 “currere
483 1306 594 1391 potuit
627 1304 841 1390 praeseriptio,
875 1303 962 1368 sicut
989 1326 1031 1368 ex
1055 1305 1135 1390 ipsis
1157 1309 1346 1372 attestatio·

293 1416 309 1442 “
334 1408 431 1473 nibus
446 1409 604 1472 sanctitas
626 1412 738 1471 vestra
753 1406 879 1490 liquido
902 1407 1088 1492 perpendet.
1136 1408 1233 1487 Quod
1256 1410 1345 1474 enim

292 1519 309 1545 “
333 1510 422 1590 dicit,
446 1511 612 1597 episcopos
636 1508 869 1594 Wigornenses
892 1508 1069 1573 abbatibus
1100 1513 1222 1575 nostris
1244 1512 1344 1577 bene-

292 1618 309 1649 ‘⁴
333 1612 454 1678 dixisse
477 1616 512 1677 et
534 1612 670 1676 abbatos
686 1611 733 1675 cis
749 1609 983 1695 professionem
999 1609 1121 1691 fecisse,
1137 1634 1252 1678 verum
1269 1619 1343 1694 est;

292 1723 309 1748 “
332 1714 389 1778 sed
422 1715 567 1801 capitulo
599 1712 834 1777 Evesbamensi
869 1713 1112 1779 contradicente
1154 1715 1224 1780 laec
1258 1716 1346 1781 tacta

292 1825 308 1849 ‘·
334 1821 469 1881 suntet
499 1815 675 1880 abbatibus
706 1814 970 1900 protestantibus
1001 1816 1088 1901 quod
1111 1815 1212 1881 salvis
1243 1818 1344 1904 privi-

293 1928 309 1952 “
333 1918 425 2005 legiis
449 1919 517 1984 suis
536 1919 607 1984 baec
629 1918 786 1994 fecerunt,
809 1918 895 1982 sicut
918 1940 975 2002 por
998 1919 1080 1983 talos
1103 1925 1205 1984 testes
1227 1922 1343 2006 proba-

291 2028 308 2056 ‘¹
333 2026 394 2086 tur.
456 2020 555 2102 Quod
593 2025 705 2085 autom
743 2019 824 2084 dlcit
863 2018 1028 2106 episcopos
1058 2021 1239 2108 Wigorniae
1269 2045 1344 2087 cum

291 2123 470 2187 “solemni
502 2123 704 2210 processione
736 2121 837 2185 scrisse
863 2143 883 2185 a
906 2122 1001 2186 nobis
1032 2124 1199 2204 admissos,
1227 2147 1343 2189 verum

291 2233 309 2259 “
333 2231 401 2304 est3
425 2217 496 2290 eed'
515 2246 590 2288 cum
624 2224 862 2309 protestatione
893 2224 1143 2310 privilegiorum
1166 2232 1201 2291 et
1224 2228 1344 2292 carita-

291 2336 310 2361 “
335 2328 401 2392 tivo
432 2333 466 2392 et
501 2349 559 2414 pro
593 2326 736 2391 ecelesiis
770 2347 845 2413 qum
870 2347 937 2389 non
963 2327 1146 2412 probantur
1177 2333 1342 2414 exemptae

291 2440 308 2466 “
333 2431 400 2495 laec
434 2429 578 2505 fecimus,
613 2428 699 2493 sicut
726 2427 777 2492 illi
811 2432 913 2493 testes
951 2429 1102 2514 probant.
1151 2431 1204 2494 Ad
1228 2431 1343 2495 missas

290 2543 307 2568 “
332 2533 434 2597 etiam
457 2532 618 2596 solemnes
652 2553 706 2595 eos
729 2531 923 2595 admisimus
945 2531 1003 2596 sed
1026 2534 1168 2612 vocatos,
1197 2532 1284 2597 sieut
1306 2533 1342 2596 in

288 2644 307 2668 “
331 2634 503 2720 privilegio
532 2633 721 2698 Innocentii
752 2656 844 2719 papae
870 2635 1068 2711 continetur,
1092 2640 1126 2699 et
1149 2633 1236 2699 sieut
1258 2635 1341 2699 tales

290 2742 429 2801 “testes
456 2737 604 2822 probant.
652 2735 748 2817 Quod
776 2743 889 2800 autom
919 2736 1000 2800 dicit
1024 2742 1152 2801 statuta
1178 2737 1342 2824 episcopo-

291 2846 307 2873 “
333 2862 405 2903 rum
429 2838 526 2904 fuisse
551 2861 571 2902 a
593 2838 687 2903 nobis
710 2838 860 2915 admissa,
883 2838 1001 2902 falsum
1024 2844 1082 2904 cst.
1138 2839 1245 2904 Immo
1276 2845 1343 2904 sta·

289 2949 308 2976 “
331 2947 406 3005 tuta
429 2941 566 3004 Henrici
581 2941 722 3027 episcopi
738 2942 780 3004 ab
796 2942 915 3005 abbate
931 2946 1044 3006 nostro
1060 2942 1192 3028 penitus
1207 2942 1344 3007 fuorunt

288 3043 415 3130 “apud
444 3042 674 3107 Fladcburiam
705 3043 849 3108 refutata
884 3049 918 3106 ct
950 3044 1070 3128 rojecta
1101 3049 1176 3130 post
1211 3045 1341 3108 traditi-

289 3157 304 3179 “
330 3167 432 3210 onem.
482 3146 526 3209 111
550 3146 678 3209 ‹leoreta
701 3146 802 3209 etiam
823 3146 965 3231 episcopi
989 3146 1151 3210 Johannis
1167 3154 1341 3231 postqmcm

289 3258 304 3281 ‘¹
331 3248 413 3311 lecta
446 3248 580 3312 luerunt
618 3249 654 3311 in
692 3249 837 3334 capitulo
875 3249 1008 3312 omnino
1042 3270 1063 3311 a
1094 3248 1214 3311 saniori
1249 3253 1341 3333 parte

290 3358 307 3384 ¹‘
330 3350 466 3436 espituli
490 3351 696 3415 contradicta
719 3355 753 3414 ct
777 3351 921 3414 refutata
944 3351 1088 3430 suerunt,
1113 3350 1199 3413 sicut
1223 3350 1343 3434 plenis-

290 3461 305 3486 ‘·'
330 3453 410 3517 simo
433 3476 491 3538 por
521 3454 580 3518 hos
611 3458 644 3516 et
675 3452 748 3516 illos
775 3457 877 3517 testes
908 3453 1076 3538 probatur.
1135 3451 1232 3531 Quod
1262 3473 1341 3516 vero

288 3565 304 3589 “
328 3560 532 3620 sacramenta
561 3555 779 3619 ecclesiastica
809 3555 919 3618 abeis
950 3555 1138 3639 recepimus,
1163 3555 1223 3619 hoc
1245 3555 1341 3619 nobis

288 3666 304 3692 “
330 3680 395 3721 uon
418 3663 521 3734 nocet,
538 3658 615 3743 quia
630 3658 809 3722 secundum
824 3657 1033 3742 privilegium
1049 3658 1232 3722 Alexandri
1247 3681 1341 3744 papae

287 3768 304 3794 ‘·
330 3760 391 3823 boc
413 3760 508 3823 uobis
532 3761 608 3823 lieet
631 3782 651 3824 a
674 3781 738 3844 quo
761 3760 973 3824 maluerimus
997 3761 1148 3847 episeopo
1171 3761 1284 3841 facore,
1307 3765 1341 3824 ct

287 3870 305 3898 “
330 3885 404 3926 cum
434 3863 671 3949 protestatione
702 3862 780 3925 talis
811 3863 976 3926 libertatis
999 3869 1033 3926 et
1056 3864 1252 3926 auctoritate
1276 3864 1341 3947 pri-

286 3974 304 3998 “
329 3965 441 4050 vilegii
467 3965 555 4028 illius
589 3965 649 4029 hoc
672 3965 817 4040 fecimus,
841 3969 875 4029 ct
908 3964 1082 4029 caritative
1105 3965 1284 4051 petivimus
1306 3969 1341 4027 et

286 4078 301 4100 “
328 4068 518 4152 accepimus,
542 4067 628 4130 sieut
643 4089 701 4153 per
723 4067 806 4130 tales
829 4072 931 4132 testes
954 4066 1120 4151 probatur.
1167 4064 1263 4144 Quod
1284 4088 1340 4129 au-

285 4182 301 4204 “
328 4176 393 4235 teari
417 4171 519 4233 abbas
542 4175 652 4236 noster
675 4169 717 4233 ad
739 4171 903 4255 synodum
925 4169 1027 4244 venit,
1052 4188 1118 4230 non
1141 4172 1245 4241 nocet,
1262 4169 1340 4252 quia

284 4284 301 4306 ‘¹
330 4297 388 4359 pro
411 4274 566 4337 membris
591 4296 664 4361 qum
687 4296 754 4337 non
785 4273 968 4359 probantur
990 4274 1145 4354 exempta
1168 4269 1228 4332 boc
1251 4269 1338 4345 fecit,

284 4386 300 4408 “
326 4383 362 4440 et
386 4375 446 4438 boc
480 4376 524 4439 ibi
556 4376 683 4461 publice
715 4379 917 4462 protestatus
949 4379 1007 4454 est,
1042 4373 1127 4437 sicut
1161 4371 1208 4435 1111
1239 4375 1338 4438 testes

284 4490 300 4511 ‘⁸
326 4477 497 4564 pr·obaut.''
