3264 5662
417 798 617 847 cnsourcon
642 797 799 846 assurin
822 797 869 845 nn
893 795 1062 845 nvnsssu
1198 779 1264 850 297

218 987 381 1053 licriduas
392 1009 527 1073 magnas
541 1006 724 1072 campanas,
736 984 877 1050 Mariam
888 985 1011 1052 scilicet
1020 991 1055 1050 et
1066 986 1264 1073 ngynm,
1319 990 1389 1042 M)-

218 1111 296 1175 quas
320 1089 516 1154 venerabilis
537 1093 632 1174 pater
653 1087 911 1174 archiepiscopus
942 1087 1135 1154 Nazarenus
1167 1089 1266 1154 chris-
1280 1062 1428 1199 :ggflm'

219 1202 305 1257 mata
328 1214 418 1258 sacro
441 1192 562 1256 linivit.
607 1189 797 1275 Aequisivit
819 1192 920 1255 etiam
943 1213 1016 1256 cum
1039 1192 1163 1256 auxilio
1189 1214 1264 1258 con·
1344 1186 1351 1199 ’

220 1301 339 1360 ventus
353 1295 564 1382 privilegium
580 1294 695 1381 papale
710 1293 799 1380 quod
814 1293 916 1358 abbas
939 1295 979 1359 de
1001 1316 1088 1359 novo
1111 1295 1264 1360 canonice

218 1397 338 1463 electus
360 1400 405 1463 sit
426 1419 465 1462 eo
487 1397 559 1484 ipso
590 1396 810 1474 confirmatus,
846 1402 880 1461 et
911 1395 1000 1480 quod
1030 1396 1134 1480 possit
1167 1396 1265 1462 bene·

219 1501 281 1565 dici
304 1501 340 1564 in
363 1501 488 1586 Anglia
510 1522 531 1564 a
553 1519 759 1584 quocumque
791 1497 941 1584 episcopo
975 1497 1134 1563 catholico
1146 1522 1154 1577 ;
1177 1499 1265 1584 quod

219 1625 319 1688 quum
342 1602 497 1668 acciderit
519 1603 612 1666 valet
646 1600 907 1686 quadringentas
940 1598 1041 1664 libras
1071 1599 1116 1665 ad
1147 1601 1265 1666 minus.

220 1706 286 1770 lste
318 1705 472 1769 similiter
497 1703 600 1769 abbas
623 1702 718 1768 dedit
741 1709 775 1768 et
797 1702 983 1789 assignavit
997 1701 1102 1767 officio
1124 1703 1266 1768 bursarii

219 1812 399 1872 conventus
414 1812 539 1893 septem
555 1806 656 1870 libras
670 1805 824 1870 undecim
839 1805 962 1869 solidos
984 1810 1019 1870 et
1034 1810 1102 1870 tres
1117 1805 1267 1870 denarios

219 1909 258 1974 de
279 1910 376 1974 terris
399 1915 434 1975 et
455 1909 653 1974 tenementis
676 1930 734 1994 per
755 1908 864 1994 ipsum
886 1906 1035 1994 superius
1049 1907 1217 1994 acquisitis
1232 1908 1267 1972 in

220 2013 377 2091 Nortone,
413 2012 447 2076 N
449 2013 580 2091 euholt,
605 2012 784 2097 Baddesey,
809 2012 1024 2098 Honyborne‚
1047 2018 1081 2076 ct
1103 2011 1267 2097 Kynwar·

220 2122 295 2181 tone
319 2120 486 2192 exeuntes,
510 2121 546 2179 et
569 2115 813 2201 quinquaginta
835 2114 956 2180 solidos
978 2135 1037 2201 pro
1067 2114 1269 2179 salmonibus

219 2218 258 2282 de
280 2217 521 2292 Penwortham,
545 2221 585 2281 ut
607 2216 694 2281 idem
717 2216 882 2282 bursarius
898 2217 1015 2282 reddat
1037 2224 1071 2282 et
1092 2216 1270 2282 distribuat

219 2320 463 2406 particulariter
486 2319 665 2404 unicuique
688 2319 848 2384 monacho
882 2319 919 2384 in
942 2340 1040 2384 cursu
1063 2319 1267 2385 minutorum

220 2424 348 2487 minuto
371 2428 475 2487 certos
507 2422 659 2486 denarios
681 2422 722 2486 dc
745 2421 835 2486 dicta
867 2442 995 2485 summa
1026 2421 1266 2507 provenientes,

220 2532 316 2612 prout
338 2526 375 2589 in
398 2525 541 2610 quodum
564 2529 745 2588 memorato
775 2523 864 2589 illius
893 2524 1111 2588 ordinationis
1140 2546 1268 2610 expres-

219 2627 284 2692 sius
317 2628 514 2705 continetur,
548 2627 591 2691 ad
622 2627 805 2692 uberiorem
840 2626 1101 2712 procurationem
1132 2627 1268 2713 praedic·

222 2735 328 2794 torum
378 2729 589 2794 minutorum.
666 2725 773 2792 Priori
825 2750 902 2793 vero
944 2728 1082 2814 duplum
1126 2729 1162 2793 in
1208 2753 1268 2795 sua

221 2832 403 2897 minutione
441 2833 481 2896 de
519 2830 609 2895 dicta
658 2852 785 2894 summa
834 2831 1021 2897 distribuat.
1090 2830 1178 2897 Item
1224 2832 1269 2897 ad

222 2935 495 2999 sustentationem
529 2933 682 2997 sanitatis
716 2954 868 2998 sanorum
891 2940 926 2999 et
947 2934 1136 2999 relevamen
1166 2936 1269 3000 imbe-

221 3037 368 3102 cillitatis
398 3037 613 3110 infirmorum,
641 3035 722 3100 duos
754 3035 822 3100 dies
856 3037 1065 3101 recreationis
1103 3037 1271 3122 praedictis

245 3190 504 3198 ...ψ--..ῳ
666 3190 1059 3209 .--..-.-.-..Ἶ,---,-

254 3275 262 3304 ¹
280 3274 345 3322 This
358 3275 415 3322 date
427 3273 470 3333 (of
485 3272 526 3320 the
548 3272 719 3320 consecration
774 3278 789 3298 “
807 3287 880 3335 super
892 3287 1038 3336 campanum
1047 3272 1073 3319 in
1083 3272 1177 3321 honore
1189 3273 1269 3322 sancti

223 3355 253 3403 os
269 3355 312 3403 the
336 3354 412 3415 belis)
436 3352 459 3401 is
478 3353 633 3401 ascertained
655 3351 719 3399 from
775 3357 789 3378 ‘¹
807 3350 909 3413 ngini
921 3358 1100 3409 consecratam,
1113 3351 1181 3399 Μ).
1197 3356 1268 3400 1³54.

227 3435 269 3482 the
287 3433 418 3495 following
438 3439 495 3480 note
512 3432 539 3479 in
552 3430 643 3480 Cotton
662 3430 717 3479 llis.
774 3436 789 3457 ‘¹
808 3428 960 3492 ‘Dompnus
972 3429 1127 3478 willielmus
1139 3430 1217 3493 Boya
1228 3431 1269 3480 sb-

222 3508 720 3569 Nem‚1).iii.fi2462—“Notadever-
774 3514 788 3535 ⁶·
807 3509 878 3566 ‘bas
901 3523 941 3557 me
964 3508 1018 3557 fieri
1043 3509 1104 3558 serit
1126 3509 1153 3558 in
1176 3509 1269 3560 honore

220 3601 236 3620 ⁴⁴
253 3593 322 3642 sibus
341 3605 415 3654 super
433 3605 573 3652 campanas,
594 3596 619 3637 et
639 3589 719 3650 primo
774 3594 788 3616 “
807 3587 905 3637 ‘sancti
917 3586 1037 3653 ngyni.

288 3692 303 3714 “
321 3685 364 3733 ‘0
385 3693 456 3747 pater
475 3684 597 3747 ngyne,
609 3681 654 3730 tibi
673 3697 782 3732 consono
800 3691 873 3731 nocte
884 3680 987 3746 dieque!
1097 3681 1168 3732 Will.

288 3770 303 3791 ⁴⁴
321 3763 384 3812 ‘Mc
400 3762 500 3825 fugiant
517 3761 593 3825 digne
613 3760 719 3810 tonitrus
736 3761 801 3810 mals
824 3760 925 3824 fulgura
943 3690 1075 3824 qumque]
1099 3761 1169 3825 Boys

952 3839 1058 3904 bgwyn.
1106 3856 1152 3888 nos

290 3927 305 3950 ‘⁴
323 3930 329 3948 ⁸
343 3922 385 3970 lle
403 3930 513 3978 sonante,
525 3919 566 3982 pia
577 3934 694 3968 succurre
705 3919 779 3983 virgo
796 3919 891 3968 Maria!
1138 3918 1151 3944 ·'

290 4011 305 4030 ⁶⁶
323 4009 329 4029 ⁶
342 3999 461 4049 Ecclesiae
478 3999 546 4062 genti
558 3998 687 4048 discedant
703 3998 803 4063 fulgura
814 3998 890 4047 venti.
1100 3997 1167 4047 feeit

990 4075 1079 4126 Maria

290 4170 305 4187 ¹·
323 4165 329 4186 ¹
342 4159 456 4208 Christus
466 4157 555 4216 vincit,
565 4157 678 4206 Christus
690 4165 786 4222 regnat,
805 4157 919 4208 Christus
931 4156 1044 4218 imperat.
1102 4156 1201 4207 dcem*

291 4253 306 4266 ··
325 4239 415 4288 ‘Arc!
426 4238 533 4303 gloriosa
546 4237 674 4301 virginum
690 4237 784 4301 regina,

290 4324 324 4345 ··‘
342 4318 410 4366 l'itis
419 4316 613 4381 generosavitrc
622 4314 752 4365 medicina.
786 4245 805 4375 l

987 4381 1125 4432 Gloriosa*

291 4474 306 4492 ⁶·
325 4467 402 4512 ‘Ave
416 4464 516 4512 Maria!
534 4463 615 4528 gratia
634 4463 716 4526 plena,
733 4461 858 4512 Dominus
871 4470 959 4511 tecum.
1126 4464 1219 4517 Gratia,

1108 4558 1124 4582 ‘⁴
1142 4557 1221 4620 Super

1099 4650 1245 4699 campanum

1083 4714 1115 4763 ad
1125 4714 1270 4770 lavatoria.'‘

290 4598 305 4614 ··
324 4594 330 4614 ⁴
344 4585 462 4634 Convoco
474 4600 608 4648 pransuros
626 4584 657 4632 ad
669 4599 779 4632 mensum
791 4591 817 4631 et
833 4583 962 4632 bibituros.

294 4678 314 4694 ⁶·
327 4676 333 4692 ·
347 4666 468 4730 l'rospcrc
480 4666 622 4721 succedant,
635 4664 707 4722 mala,
720 4679 760 4711 me
772 4671 902 4712 resonante
915 4592 1068 4722 recedunt']

538 4794 646 4802 -——---

662 4833 675 4859 '¹
688 4830 735 4880 Sec
745 4845 768 4893 p.
781 4835 834 4880 loo.
