3270 5656
293 746 335 804 .·'›l
485 757 686 807 cuuoulcox
710 757 868 806 Annam:
892 758 939 807 DE
962 758 1133 811 eveum

294 944 403 1010 nullus
433 943 601 1009 homiuum
626 950 699 1030 post
727 944 937 1009 decantatum
969 946 1214 1032 oomplotorium
1239 948 1339 1014 eoole·

292 1052 349 1115 sia·
378 1048 514 1114 auderet
548 1068 722 1125 remanere,
753 1047 884 1111 studuit
913 1047 1056 1133 seipsum
1088 1048 1206 1114 subtus
1236 1052 1341 1136 quotl-

292 1154 367 1217 ‹lam
391 1152 495 1216 altaro
517 1149 662 1214 clanculo
696 1148 839 1214 occulere
874 1148 984 1223 donee,
1007 1150 1133 1215 eunetis
1164 1170 1223 1236 pro
1250 1173 1340 1217 mmo

291 1254 540 1325 «immutantibus,
565 1251 635 1336 ejus
658 1251 703 1315 rei
722 1272 857 1335 'musam
881 1251 989 1336 quiret
1016 1251 1192 1338 explorare.
1250 1252 1339 1334 Quid

290 1361 455 1448 amplius?
500 1355 540 1419 In
563 1354 738 1419 eonticiuio
762 1353 875 1427 noctis,
899 1375 1000 1438 quum
1024 1353 1112 1417 solus
1135 1360 1266 1421 vastam
1289 1378 1339 1421 ec·

290 1464 419 1529 clesimu
453 1457 657 1545 vagabundis
689 1456 790 1521 oeulis
828 1455 1075 1542 perambularet,
1108 1456 1220 1523 subito
1246 1456 1341 1525 videt

291 1565 432 1631 eeclesiae.
456 1563 569 1626 limina
595 1559 768 1646 patefacta,
794 1559 1036 1644 intrantemque
1059 1558 1242 1624 mirabilem
1266 1583 1339 1648 pn»

291 1668 474 1739 cessionem,
510 1668 659 1727 sanetum
683 1682 761 1725 vero
785 1659 966 1724 llartinum
997 1667 1124 1746 portam
1152 1661 1271 1727 salutis
1296 1670 1340 1741 et,

291 1777 365 1858 post
388 1768 504 1839 Deum,
529 1766 668 1851 primam
691 1784 780 1850 spem
806 1761 1069 1827 Christianorum
1096 1769 1243 1829 muctam
1268 1764 1340 1829 Ma·

292 1875 373 1938 riam
405 1868 581 1935 lionoritiee
625 1864 743 1929 dextra
784 1864 967 1929 (lucentem.
1031 1863 1122 1945 Qua‘,
1161 1886 1264 1953 quum
1305 1867 1339 1932 iu

291 1974 399 2040 mulio
429 1969 570 2035 «eclesiae
599 1967 806 2041 constitisset,
843 1964 964 2051 iuoepit
1000 1965 1084 2031 lianc
1113 1967 1340 2055 antiphonam,

293 2088 308 2113 ¹²
333 2077 409 2140 Nou
431 2074 500 2138 vidi
519 2072 646 2156 justum
671 2066 861 2133 derelictum
884 2090 943 2132 nee
965 2089 1076 2133 semen
1098 2068 1170 2154 ejus
1189 2091 1341 2156 quaereus

291 2190 308 2214 ‘⁸
333 2175 627 2266 pvmem.”ea1u‹pre
649 2170 717 2236 sola
740 2169 823 2234 mira
846 2190 920 2233 eum
944 2168 1116 2235 dulcedine
1139 2170 1341 2239 modulando

291 2281 333 2346 ml
357 2281 455 2344 finem
487 2297 588 2361 usque
619 2272 781 2362 perduxit
843 2271 921 2337 Post
953 2269 1021 2337 luee
1054 2271 1097 2337 ad
1130 2272 1340 2360 sepulchrum

290 2383 394 2449 sancti
417 2379 551 2445 Martini
576 2399 649 2443 cum
672 2374 877 2463 processione
898 2374 1014 2459 pergit,
1032 2381 1229 2461 peractoque
1244 2398 1341 2465 prop-

291 2494 341 2552 ter
378 2484 464 2572 quod
503 2483 670 2550 venerunt,
710 2477 854 2563 respexit
890 2484 1005 2541 saneta
1045 2476 1150 2541 llario
1186 2476 1339 2545 clericum

290 2589 355 2654 ista
377 2588 573 2659 cernentem,
597 2588 631 2645 et
654 2579 769 2645 statim
791 2578 832 2642 ad
856 2582 1004 2643 sanctum
1040 2577 1220 2644 Martinum
1244 2582 1340 2668 qumi

290 2696 452 2757 commota
487 2683 657 2756 subinfert,
682 2681 796 2761 “Quis
818 2688 869 2745 est
892 2680 945 2745 hio
967 2680 1100 2746 clericus
1122 2682 1211 2747 solus
1240 2706 1341 2751 ausus

290 2802 308 2827 ‘⁴
332 2792 393 2856 hae
414 2787 547 2855 ecelesia
578 2792 698 2849 tenuere
733 2782 945 2847 reumnerot”
991 2781 1054 2849 cai
1086 2791 1219 2850 sanatus
1251 2784 1340 2853 Mar·

290 2896 382 2961 tinus
404 2892 446 2957 ad
470 2890 540 2973 ejus
561 2908 666 2973 genua
689 2910 723 2949 se
747 2885 951 2971 provolvens,
968 2895 983 2919 “
998 2884 1174 2951 llitiasima
1196 2886 1342 2969 domins,

291 3008 309 3032 “
334 2996 504 3060 irrisereret
552 2990 672 3053 Noster
705 2995 756 3051 est
787 2986 940 3063 clericus;
968 2986 1049 3069 jube
1083 2988 1172 3075 quod
1208 2990 1341 3077 puceu·

290 3108 307 3135 ¹‘
331 3097 393 3162 Tui
418 3091 544 3171 caum,”
569 3090 677 3175 iuquit
700 3088 890 3175 augelorum
914 3090 1036 3174 regina,
1058 3099 1076 3124 “
1091 3090 1168 3155 huic
1190 3090 1342 3179 ignosoo;

290 3209 444 3263 “verum
477 3194 615 3283 praecipe
651 3197 688 3255 ut
723 3212 757 3255 se
792 3197 961 3277 preparet,
984 3193 1140 3277 quoniam
1173 3202 1250 3281 post
1280 3195 1341 3261 ιη’·

291 3312 308 3339 ·‘
332 3303 432 3368 duum
456 3294 632 3384 temporale
655 3293 809 3360 urvulmu
834 3292 975 3380 perdet.’'
1021 3293 1118 3374 Quod
1142 3301 1181 3360 ut
1203 3296 1341 3377 «lictum,

289 3406 334 3469 sie
357 3405 486 3468 sawturu.

335 3506 446 3586 Quum
480 3501 583 3583 igitur
605 3499 656 3562 his·
679 3505 713 3563 et
735 3497 808 3561 aliis
831 3495 1081 3583 quampluribus
1107 3498 1268 3586 exemplis
1291 3500 1341 3565 in·

290 3607 476 3692 telligamus
499 3602 607 3667 Deum
630 3608 664 3665 et
689 3599 770 3684 Ejus
791 3604 921 3663 sanictos
951 3598 1100 3664 eeclesias
1121 3608 1254 3667 meus
1277 3602 1343 3669 fre·

290 3716 457 3795 quentare.
481 3727 545 3790 qua
569 3701 727 3767 instantia
757 3700 853 3765 bonis
882 3700 1034 3787 operibus
1057 3708 1093 3767 et
1114 3702 1177 3768 Dei
1203 3704 1342 3771 servitio

288 3809 443 3875 condecet
474 3804 720 3889 Oumiloteutis
750 3802 887 3867 saumlos
922 3802 1096 3879 insudare3
1117 3827 1191 3870 eum
1214 3814 1341 3892 quauta

291 3911 472 3977 reverentia
493 3907 591 3973 debet
607 3905 813 3971 Christianus
831 3905 865 3968 iu
886 3903 983 3969 domo
1005 3904 1170 3971 creatoris
1192 3907 1244 3973 sui
1268 3929 1341 3995 per·

289 4016 423 4080 sisteret
488 4009 618 4074 Dilecto
641 4007 763 4071 etenim
788 4006 858 4071 Deo
881 4006 978 4070 valde
1001 4013 1080 4072 sunt
1104 4006 1175 4073 loca
1196 4008 1239 4073 ad
1263 4032 1340 4097 qun

289 4116 363 4202 Ipse
401 4136 475 4180 cum
518 4111 639 4175 sanctis
672 4108 830 4195 eligantur
862 4109 980 4194 sapius
1013 4109 1126 4174 venire
1162 4109 1339 4176 visitanda.

289 4219 411 4282 Verum
436 4213 592 4299 quoniam
617 4219 746 4297 terripus
770 4209 967 4295 expostulat,
990 4209 1032 4273 ud
1055 4210 1215 4275 miracula
1235 4212 1340 4298 μιτίι

289 4327 322 4384 et
347 4315 539 4405 protectoris
567 4312 669 4379 nostri
705 4311 853 4397 Ecgwini
888 4311 975 4376 unde.
1002 4313 1170 4399 paululum
1199 4311 1338 4401 ‹ligrui

289 4442 409 4491 sumus,
435 4417 547 4483 stilum
576 4422 751 4479 vertamus.
798 4412 963 4480 Debermm
997 4415 1084 4479 euim
1117 4420 1215 4479 tanto
1247 4414 1339 4503 operi

289 4541 411 4587 morem
434 4541 552 4606 gerere,
577 4524 614 4582 ut
639 4516 672 4580 in
696 4514 808 4581 futuro
830 4515 1009 4581 mercedem
1033 4538 1053 4579 a
1071 4514 1216 4581 Domino
1238 4536 1339 4603 quss-

288 4645 361 4689 mus
384 4623 552 4708 percipere.
