3270 5656
470 789 672 840 caaomcou
695 788 852 838 annana
875 789 921 838 nn
945 788 1114 838 avusnsn.
1264 776 1327 839 143

283 987 378 1052 super
400 965 504 1031 literis
526 964 600 1042 illis,
615 963 713 1043 dixit,
737 962 964 1028 “Audivimus
988 964 1075 1049 quod
1098 964 1199 1029 abbas
1220 969 1330 1029 vester
1386 969 1454 1020 Al).

284 1076 300 1102 “
322 1067 477 1134 detentus
491 1067 584 1133 sitin
599 1065 737 1146 itinere3
759 1065 844 1130 vade
868 1069 903 1131 et
924 1064 1053 1151 inquire
1077 1067 1135 1132 ubi
1158 1071 1192 1131 et
1214 1089 1234 1131 a
1255 1088 1330 1151 quo,
1370 1042 1473 1088 ¹2⁰4&

284 1175 358 1236 “et
388 1169 600 1235 liberabimus
634 1190 717 1247 eum,
745 1173 780 1233 et
809 1173 890 1233 tunc
921 1168 1058 1235 habebis
1088 1168 1200 1234 literas
1229 1167 1332 1235 tuas''

285 1272 328 1336 Et
356 1294 459 1358 quum
488 1271 596 1336 adhuc
625 1271 786 1336 instarem
808 1276 969 1356 proterve,
993 1271 1105 1336 dicens
1128 1271 1205 1356 quia
1226 1271 1332 1336 literae

285 1374 426 1461 episcopi
448 1394 515 1438 non
537 1372 701 1438 faciebant
731 1371 933 1437 mentionem
957 1372 998 1437 de
1026 1373 1148 1438 nostris
1170 1372 1334 1461 prioribus

284 1482 317 1542 et
338 1476 413 1542 ideo
436 1475 535 1541 debui
546 1474 666 1539 habere
688 1473 925 1551 revocatorias,l
949 1474 1100 1540 dominus
1123 1498 1209 1562 papa
1229 1475 1334 1540 iratus

285 1577 453 1666 respondit
474 1576 565 1654 mihi,
589 1585 605 1610 “
621 1576 675 1640 Ex
701 1580 790 1641 certa
819 1576 957 1643 scientia
980 1577 1130 1642 dedimus
1155 1577 1238 1643 tales
1260 1577 1333 1641 lite-

288 1690 304 1716 “
325 1702 378 1745 ras
412 1680 569 1767 episcopo,
595 1682 633 1754 et,
653 1678 725 1744 ideo
747 1679 889 1744 nolimus
912 1701 967 1744 eas
989 1677 1193 1760 revocare;'’
1219 1684 1255 1745 et
1277 1679 1334 1743 ad·

282 1783 367 1868 jecit,
392 1791 409 1818 “
425 1783 486 1848 Est
508 1782 606 1847 modo
639 1803 829 1868 responsum
860 1780 952 1848 tibi’'
998 1781 1044 1847 Et
1074 1804 1142 1869 ege,
1166 1790 1182 1817 “
1199 1782 1333 1868 Utique,
1347 1809 1475 1875 Thepope

288 1895 303 1921 “
324 1885 463 1962 domine,
477 1904 671 1972 responsum
687 1888 745 1961 est,
760 1884 817 1950 sed
833 1884 875 1950 de
890 1882 1081 1971 potestate.''
1120 1885 1166 1951 Et
1181 1886 1334 1951 dominus
1346 1879 1490 1928 afterwards

287 2011 376 2075 papa,
408 1987 486 2052 “Et
522 2007 590 2051 non
624 1990 673 2051 est
704 1986 745 2051 de
787 1986 862 2071 jure
894 2009 1085 2074 responsum
1095 1986 1130 2052 l”
1187 1987 1233 2053 Et
1265 2009 1332 2074 ego,
1346 1944 1495 2061 fflpedat

287 2099 305 2125 “
327 2090 475 2168 Domine,
498 2087 635 2154 neseio.”
691 2087 737 2152 Et
767 2088 919 2153 dominus
942 2111 1027 2177 papa
1048 2093 1229 2156 commotus
1251 2112 1334 2176 prae·
1347 2078 1500 2195 hemim-

288 2192 371 2281 cepit
392 2198 432 2258 ut
454 2197 595 2258 tacerem
620 2196 654 2256 et
678 2190 866 2258 recederem
1347 2160 1380 2210 90
1448 2151 1482 2210 ty.

289 2402 336 2468 De
364 2422 492 2468 recessa
522 2399 707 2466 ammedera
737 2421 759 2465 a
783 2398 885 2466 cario
909 2404 950 2465 at
982 2398 1163 2465 liberarent
1188 2397 1338 2468 abbatem

375 2509 515 2590 coptam
544 2500 588 2568 ia
617 2499 778 2579 Francia,
810 2508 840 2566 et
870 2499 911 2566 de
941 2500 1017 2566 dolo
1059 2498 1188 2566 obbatis
1219 2507 1337 2567 coatia

376 2604 541 2671 umnam
554 2602 768 2681 owaaobam,
784 2609 813 2669 et
828 2601 977 2670 odvcma
992 2601 1121 2669 obbatis
1136 2601 1182 2668 ad
1197 2601 1336 2670 cariam

298 2792 302 2803 ¹
373 2707 584 2774 Ronaoaom.

334 2849 378 2915 Et
396 2848 587 2914 recessimus
603 2847 639 2911 in
655 2847 779 2912 octabis
791 2845 898 2911 sancti
914 2844 1045 2923 Hilarii,
1060 2853 1095 2912 et
1108 2869 1212 2933 quum
1227 2846 1334 2912 venis·
1346 2837 1415 2888 M)-
1427 2845 1498 2890 ¹²⁰⁵·

290 2974 392 3017 semus
417 2950 621 3016 Placentiam
638 2948 824 3013 audivimus
848 2946 936 3033 quod
963 2947 1065 3012 abbas
1089 2954 1200 3014 noster
1219 2954 1334 3037 captus
1347 2916 1505 3035 fflffl'ssff

290 3052 393 3118 fuerat
422 3051 512 3139 apud
543 3050 744 3118 Cabilonem.
802 3050 906 3115 Taceo
929 3071 1060 3115 causam
1083 3051 1243 3138 captionis
1266 3074 1334 3118 suae
1347 3051 1479 3112 Paoenza,

290 3155 419 3240 quiade
442 3176 482 3219 ea
504 3160 612 3219 certus
636 3174 703 3217 non
726 3173 807 3230 sum,
824 3173 926 3238 quum
942 3152 990 3215 ibi
1005 3155 1086 3217 tunc
1104 3175 1246 3240 praesens
1267 3176 1334 3218 non
1347 3118 1507 3235 {fflffid

289 3257 411 3323 fuerim
472 3254 585 3320 Timeo
615 3254 736 3319 etenim
774 3253 918 3319 verenda
948 3254 1051 3340 patris
1082 3254 1146 3318 mei
1177 3255 1335 3341 detegere,
1348 3251 1471 3302 toPavia

290 3360 342 3425 ubi
365 3358 458 3424 nulla
487 3357 616 3422 utilitas
646 3355 794 3442 sequitur
824 3377 866 3420 ex
897 3355 1108 3434 revelatione,
1143 3377 1204 3422 nec
1223 3378 1335 3442 vgrave
1348 3342 1492 3458 ffitssw

287 3462 469 3526 animarum
492 3459 546 3524 vel
569 3458 711 3525 ecclesiae
734 3458 944 3546 dispendium
969 3459 1121 3545 provenit
1140 3481 1183 3522 ex
1200 3459 1335 3524 tacitur-
1348 3426 1463 3526 soned’at

289 3563 398 3630 nitate.
445 3562 537 3627 Tunc
563 3562 740 3626 mansimus
755 3560 801 3625 ibi
823 3583 880 3648 per
895 3565 962 3625 tres
977 3561 1046 3625 dies
1060 3567 1099 3626 ut
1115 3562 1274 3648 pleniores
1296 3562 1337 3627 de
1348 3542 1504 3660 pppppssor

287 3665 405 3731 abbate
436 3664 624 3729 audiremus
658 3683 813 3739 rumores,
841 3662 920 3748 quia
947 3663 1065 3728 civitas
1088 3663 1148 3729 illa
1178 3665 1213 3729 in
1246 3665 1336 3730 bivio
1349 3676 1473 3752 timeant

292 3768 394 3853 posita
420 3771 481 3837 est.
527 3766 638 3831 Tertia
662 3765 715 3830 die
741 3765 927 3830 audivimus
955 3767 1042 3851 quod
1065 3767 1226 3833 liberatus
1256 3773 1336 3848 erat,
1349 3752 1478 3858 ffiffi‘

289 3869 364 3935 licet
390 3891 465 3934 cum
482 3889 604 3953 magna
630 3889 740 3932 rerum
765 3889 897 3931 suarum
922 3873 957 3933 et
980 3870 1125 3954 pecuniae
1147 3870 1286 3954 jactura,
1302 3876 1337 3935 et
1350 3876 1445 3926 March.

291 3971 378 4058 quod
411 3971 483 4057 jam
509 3968 744 4034 Lumbardiam
769 3968 876 4034 fuerat
899 3969 1069 4056 ingressus.
1130 3969 1223 4035 Tunc
1252 3993 1336 4036 com-

291 4075 456 4140 municato
478 4072 612 4138 consilio
636 4093 695 4158 ego
720 4076 754 4136 et
772 4071 904 4136 socius2
927 4093 1018 4135 meus
1040 4071 1138 4135 divisi
1154 4094 1265 4136 sumus
1280 4072 1336 4137 ab·

290 4178 437 4253 invicem,
452 4175 585 4260 utrique
607 4178 757 4239 nostrum
780 4174 822 4238 ab
845 4174 948 4238 altero
970 4173 1035 4237 fide
1057 4172 1135 4236 data
1156 4174 1243 4258 quod
1265 4175 1338 4258 qui-

291 4303 427 4366 cumque
448 4283 600 4343 nostrum
624 4278 714 4364 prius
733 4277 887 4342 obviaret
913 4275 1027 4340 abbati
1050 4275 1145 4339 ultori
1161 4277 1336 4342 nuntiaret

292 4382 336 4447 Et
358 4403 419 4468 ego
441 4380 557 4446 recessi
581 4380 726 4466 Papiam,
752 4379 808 4444 ille
831 4400 909 4444 vero
931 4377 1063 4443 recessit
1087 4377 1280 4456 Vercellum,
1303 4385 1338 4445 et

292 4483 439 4549 obviavit
461 4482 574 4547 abbati
597 4503 656 4547 nee
678 4480 885 4546 renuntiavit
908 4480 998 4544 mihi.
1054 4478 1167 4544 Abbas
1190 4503 1275 4558 vcro,
1300 4489 1339 4546 ut

326 4779 526 4845 'revocatoriad
542 4777 688 4839 revocarias,
701 4777 757 4829 MS.
858 4775 862 4840 Ι
911 4775 1027 4842 ²sooius]
1042 4774 1195 4837 satiastis.
