3264 5662
488 841 689 894 cunouroou
711 839 869 894 Aornum
893 844 941 894 on
963 841 1133 895 rursum.
1271 824 1337 896 147

280 1099 333 1167 Dc
354 1120 486 1168 recensu
501 1099 632 1169 oblatio
655 1123 679 1168 o
701 1100 813 1182 corio,
832 1108 862 1166 ct
885 1121 985 1168 nioro
1002 1099 1163 1190 Tt[onoae]
1178 1083 1344 1167 rnonocti

655 1203 755 1291 apud
770 1203 974 1270 Bononiam.

330 1362 441 1443 Quum
476 1364 589 1451 itaquo
622 1366 834 1453 intempories
866 1367 950 1431 aeris
981 1365 1123 1430 instaret
1146 1369 1181 1430 et
1211 1385 1337 1429 moram
1350 1387 1418 1440 M),
1433 1394 1505 1440 1205.

282 1464 469 1531 sociaremus
495 1489 557 1554 per
583 1490 640 1533 sex
667 1469 872 1545 ebdomadas,
907 1469 942 1532 in
975 1468 1117 1534 erastino
1147 1468 1337 1533 octabarum
1350 1468 1443 1518 Marte

285 1566 417 1634 Paachae
455 1590 530 1633 cum
568 1569 703 1635 licentia
742 1576 776 1636 ot
817 1571 1044 1636 benedictione
1083 1571 1208 1635 domini
1244 1591 1337 1656 papae
1350 1536 1433 1652 iffi

284 1671 475 1736 recessimus
491 1672 533 1736 ab
548 1672 638 1738 urbe.
685 1672 737 1736 Ex
754 1674 890 1737 consilio
913 1674 1014 1738 etiam
1038 1673 1163 1738 domini
1187 1695 1282 1760 papae
1305 1669 1438 1784 ctffies
1455 1735 1472 1784 '1

286 1772 412 1838 domini
444 1773 611 1860 Hugulini
635 1775 820 1855 cardinalis,
853 1776 1063 1863 postmodum
1087 1776 1230 1864 episcopi
1253 1775 1339 1840 Hos·
1354 1751 1489 1861 goffia

287 1875 407 1956 tiensis,
432 1899 530 1963 quem
561 1877 652 1965 prius
687 1879 846 1965 elegeram
879 1880 970 1965 (quia
988 1880 1074 1966 juris
1106 1881 1231 1967 peritus
1254 1880 1336 1966 crat)
1350 1869 1499 1985 ffffiglnzflt

286 1977 428 2044 ecclesiae
459 1984 583 2046 nostrae
607 1985 641 2045 et
664 2002 769 2047 causrc
803 1986 926 2047 nostrae
953 1987 1098 2047 tutorem
1122 1986 1155 2047 et
1178 1952 1476 2069 protecto-aida

287 2103 363 2158 rem,
394 2081 527 2147 relictus
562 2105 634 2147 sum
666 2106 726 2169 ego
750 2083 898 2149 Boloniee
929 2105 1004 2148 oum
1027 2084 1255 2149 bencdictione
1281 2083 1338 2148 ab·
1351 2069 1506 2121 nxmonths.

287 2183 373 2247 batis
396 2183 500 2249 donec
533 2184 650 2249 relatio
676 2185 812 2264 veniret,
839 2192 873 2250 ct
894 2192 935 2250 ut
957 2187 1004 2250 ibi
1028 2187 1156 2273 plenius
1180 2185 1220 2250 de
1243 2208 1341 2250 causa

290 2293 400 2352 nostra
426 2289 614 2369 instrucrcr‚
639 2295 673 2354 et
698 2313 822 2353 moram
851 2289 897 2353 ibi
928 2290 1049 2354 faciens
1079 2311 1137 2375 per
1168 2287 1341 2352 dimidium

289 2411 410 2454 annum
444 2412 560 2456 revera
591 2393 736 2458 multum
772 2393 819 2457 ibi
862 2391 991 2479 profeci,
1025 2392 1163 2457 audiens
1193 2390 1342 2477 quotidie

289 2491 374 2580 leges
396 2498 431 2560 et
452 2514 600 2561 canonem

293 2778 341 2844 De
366 2777 566 2846 andelitoto
589 2782 619 2843 et
636 2775 837 2865 proditione
869 2776 1000 2844 albutio
1023 2777 1114 2844 circo
1136 2776 1345 2864 magistrum

376 2880 630 2946 nimpodorae
661 2880 868 2948 morracium
891 2889 920 2948 ct
944 2881 1086 2949 miseric
1112 2888 1142 2948 et
1172 2879 1345 2948 laboribus

378 2983 528 3070 ejuedcm
550 2982 639 3048 ndo
661 2982 704 3048 in
726 2983 859 3049 itinere.

336 3129 448 3196 Albae
470 3152 549 3194 vero
572 3152 687 3195 versus
710 3130 867 3218 Angliam
890 3134 1088 3218 properavit,
1106 3138 1141 3199 ot
1164 3154 1264 3219 quum
1290 3152 1500 3202 irc-Theatra

291 3232 376 3298 niret
413 3231 601 3298 Vercellum
641 3233 783 3298 occurrit
822 3235 852 3298 ei
891 3236 1050 3320 magister
1087 3235 1195 3299 Adam
1233 3234 1346 3299 Sortes
1357 3221 1497 3335 gfflsshe

293 3333 484 3399 monachus¹
510 3340 629 3412 noster,
665 3336 701 3398 in
731 3335 906 3401 literatura
936 3338 1084 3423 apprimo
1107 3337 1265 3413 eruditus,
1289 3359 1345 3422 qur
1358 3353 1514 3403 brethrento

293 3444 470 3524 antequam
502 3441 586 3502 esset
619 3437 815 3502 monachua¹
839 3444 971 3504 rexerat
1001 3439 1127 3504 scholas
1157 3440 1279 3504 artium
1309 3418 1508 3536 li‚g‹plpp)thim

291 3540 450 3604 beralium
484 3562 541 3628 per
568 3539 691 3605 multos
713 3562 824 3618 annosi,
856 3543 913 3627 qui
948 3543 1066 3607 missus
1101 3543 1209 3608 fuerat
1232 3566 1253 3606 a
1275 3552 1514 3631 oon-trroughout

293 3647 395 3707 ventu
425 3642 469 3707 ad
500 3643 759 3729 prosequendam
792 3645 1047 3730 appellationem
1082 3667 1182 3731 quam
1205 3619 1498 3736 fecerantfflm‘·

293 3752 408 3810 contra
441 3745 639 3810 sententiam
668 3745 820 3831 judicum
853 3747 889 3810 in
921 3747 1045 3833 Anglia
1075 3770 1173 3833 quam
1205 3748 1473 3818 tulerantoumrr·

293 3847 328 3911 in
352 3848 547 3934 prouocarorio
566 3847 691 3933 judicio
714 3870 812 3935 super
830 3848 1062 3934 jurisdictione
1079 3851 1268 3916 monosterii
1292 3873 1351 3937 pro

292 3950 450 4037 episcopo.
498 3949 612 4015 Abbns
635 3955 746 4015 autem
778 3973 880 4037 quum
912 3954 1117 4039 cognovisset
1140 3975 1271 4018 causam
1293 3952 1350 4016 ad-

291 4057 411 4117 ventus
435 4053 494 4129 sui,
520 4053 626 4117 sciens
655 4053 744 4138 quod
768 4054 919 4119 dominun
954 4078 1039 4143 popo
1074 4057 1109 4119 in
1143 4057 1236 4120 nulla
1258 4060 1351 4141 parto

290 4159 459 4220 revocaret
487 4153 757 4239 jurisdictionem
784 4155 944 4241 judicum,
969 4157 1057 4221 dixit
1081 4158 1111 4221 ei
1135 4164 1175 4223 ut
1207 4161 1350 4222 reverte·

290 4264 384 4323 retur
405 4279 476 4323 oum
510 4279 555 4323 eo.
604 4257 664 4322 Ille
696 4280 783 4339 vem,
818 4265 857 4323 ut
891 4263 963 4324 erat
996 4261 1135 4347 simplex
1167 4266 1201 4325 ct
1230 4261 1351 4347 justus,

292 4361 398 4427 scions
432 4358 511 4447 quia
546 4360 656 4425 omnia
690 4361 851 4447 speranda
875 4368 953 4427 sunt
986 4386 1005 4428 a
1035 4369 1128 4450 patro
1152 4363 1351 4440 monasterii,

293 4465 407 4530 volens
430 4463 624 4551 regulariter
647 4464 768 4544 vivere,
794 4470 861 4529 tres
889 4488 1013 4531 marcae
1047 4466 1177 4554 argenti
1212 4464 1353 4531 tradidit

638 4771 644 4798 ¹
661 4768 804 4835 monnellus]
818 4785 946 4830 monacus,
958 4772 1014 4822 MS.

1150 4857 1269 4918 rr2'
