3264 5662
605 806 791 858 arenunrx.
1159 784 1225 855 317

174 1004 378 1117 cooperante,
401 996 500 1061 simul
523 1001 558 1060 et
580 995 705 1081 apicem
738 992 951 1080 pontificatus
973 997 1008 1057 et
1029 990 1119 1056 tanti
1142 990 1229 1055 ordi·

176 1104 228 1166 nis
229 1100 479 1166 admirandam
502 1098 723 1173 sanctitatem,
750 1103 790 1162 ut
812 1095 956 1162 crebra'
948 1096 1051 1181 rpslus
1073 1078 1292 1158 miracula*

176 1209 353 1277 testantur,
386 1201 534 1265 obtinere
572 1199 717 1278 meruit;
739 1203 919 1284 praestante
950 1195 1094 1261 Domino
1117 1198 1231 1259 nostro

177 1306 260 1369 Jesu
289 1304 432 1380 Christo,
457 1303 524 1383 Qui
553 1324 627 1367 eum
651 1301 751 1366 Patre
783 1305 818 1366 et
841 1298 971 1386 Spiritu
995 1297 1118 1363 Sancto
1144 1296 1231 1360 vivit

178 1415 211 1474 et
235 1413 353 1496 regnat
376 1406 467 1472 Deus
490 1427 549 1492 per
571 1404 706 1470 infinita
729 1403 923 1470 saeculorum
947 1401 1088 1469 saecula:
1113 1401 1230 1465 Amen.

413 1708 464 1773 ne
486 1705 618 1773 nareae
640 1705 838 1792 aalma
859 1704 1001 1791 aptat
1057 1654 1061 1671 '

226 1858 405 1923 Laudabile
430 1858 624 1922 miraculum
646 1878 705 1944 per
719 1857 855 1921 beatum
874 1854 1034 1922 Odulfum
1050 1875 1071 1920 a
1086 1853 1233 1941 piissimo

184 1962 325 2027 Domino
363 1967 533 2048 patmtum
567 1959 796 2027 deducatur
787 1982 823 2023 1n
861 1959 1014 2024 medium
1075 1957 1233 2044 Tempore

183 2066 348 2151 magnifici
363 2088 401 2129 ac
417 2064 489 2129 Deo
505 2063 615 2129 dileet'
591 2063 727 2149 bregis
742 2062 928 2127 AEduuardr'
951 2060 1094 2148 contigit
1116 2067 1156 2126 ut
1177 2082 1235 2147 per

184 2169 330 2255 reginam
355 2168 513 2232 Editham
537 2167 699 2232 desiderio
722 2171 910 2232 sanctorum
934 2167 1067 2232 ductam
1091 2166 1234 2231 edietum

184 2277 360 2357 poneretur
394 2272 429 2335 in
464 2269 587 2355 Anglia
618 2291 675 2356 per
705 2269 801 2354 plura
834 2269 1033 2334 monasteria
1071 2272 1235 2353 quatenus

184 2374 330 2458 reliquiae
362 2372 541 2437 multorum
576 2377 764 2436 sanctorum
798 2371 886 2458 apud
918 2371 1154 2436 Glauuomiam
1185 2391 1236 2435 eo·

184 2475 419 2551 adunarentur,
442 2480 482 2539 ut
504 2475 557 2539 die
579 2473 764 2538 constituta
786 2473 901 2560 regina
922 2472 1001 2538 illuc
1016 2474 1151 2538 veniens
1177 2493 1236 2558 pro

185 2577 280 2642 libito
303 2578 355 2641 sui
378 2598 517 2662 quaeque
540 2577 666 2663 optima
689 2575 821 2662 proprio
839 2576 909 2660 juri
932 2575 1143 2662 manciparet
1168 2573 1235 2640 Sed

187 2680 265 2765 quid
287 2680 407 2765 plural
431 2680 587 2745 Pervenit
610 2679 755 2744 edietum
779 2700 882 2764 usque
906 2679 949 2744 ad
973 2678 1237 2745 Eoveshamense

186 2783 430 2847 monasterium.
472 2781 643 2871 Commoti
658 2782 762 2868 igitur
777 2780 889 2846 dolore
904 2802 1017 2847 omnes
1033 2781 1238 2847 habitatores

189 2883 257 2961 loci,
280 2907 339 2950 nec
371 2891 483 2950 tamen
513 2893 676 2971 praecepto
708 2884 793 2971 regia
825 2889 860 2949 et
893 2884 1014 2972 reginae
1043 2884 1111 2950 ullo
1141 2882 1239 2950 modo

189 2988 337 3053 resistere
360 2987 440 3063 ausi,
463 2987 599 3052 consilio
622 2988 706 3051 inito
730 2988 946 3053 decreverunt
967 2988 1070 3075 magis
1085 2985 1240 3073 reliquias

191 3091 296 3155 semoti
344 3089 457 3154 Odulfi
495 3112 594 3174 quam
628 3089 812 3154 beatissimi
858 3091 990 3176 patroni
1036 3091 1087 3155 sui
1133 3089 1240 3155 sancti

192 3191 354 3279 Ecguuini
379 3192 618 3257 Glauuorniam
647 3193 880 3257 transmittere.
927 3193 1025 3274 Quod
1049 3197 1083 3257 et
1115 3191 1239 3256 factum

191 3301 248 3359 est,
295 3295 415 3380 Itaque
447 3295 500 3360 die
536 3295 719 3359 constituta
749 3294 957 3371 adveniente,
989 3300 1024 3360 et
1058 3316 1134 3380 rege
1164 3316 1238 3358 cum

191 3398 257 3462 suis
307 3397 523 3483 optimatibus
561 3402 600 3461 ut
637 3397 670 3459 in
710 3396 864 3462 natalitio
902 3396 1038 3461 Domini
1076 3397 1130 3461 die
1166 3419 1241 3483 qua·

192 3498 411 3563 solemnitatis
434 3503 528 3563 erant
551 3505 744 3584 exequente,
772 3498 910 3585 praefata
932 3499 1046 3586 regina
1068 3522 1142 3586 quae
1170 3499 1241 3585 jam

192 3602 303 3665 animo
326 3607 518 3687 conceperat
541 3601 676 3687 implere
706 3602 857 3686 sequenti
887 3602 941 3667 die
971 3608 1122 3668 actutum
1156 3613 1242 3667 sata-

194 3704 301 3790 gebat.
362 3705 476 3768 Aceito
522 3704 626 3789 igitur
671 3703 840 3768 aurifabro
881 3703 984 3791 jussit
1029 3710 1068 3770 ut
1113 3704 1244 3793 singula

193 3812 379 3871 sanctorum
411 3805 531 3870 serinia
564 3807 716 3892 aperiret,
740 3812 904 3891 quatenus
927 3830 968 3872 ex
992 3808 1033 3872 iis
1055 3830 1130 3895 quae
1153 3808 1245 3872 intus

193 3916 288 3973 erant
325 3908 486 3973 desiderio
529 3929 588 3971 suo
622 3908 831 3975 satisfaceret.
887 3909 961 3975 Hoc
996 3916 1169 3996 postquam
1203 3909 1245 3974 de

194 4011 390 4096 quibusdam
415 4010 537 4074 sanctis
552 4015 602 4075 est
625 4011 826 4097 completum
850 4017 884 4077 et
907 4012 950 4076 ad
973 4011 1129 4098 reliquias
1152 4011 1244 4077 beati

197 4114 308 4178 Odulfi
323 4112 498 4177 sumendas
513 4117 564 4177 est
586 4118 734 4189 ventum,
757 4112 872 4178 statim
894 4118 933 4178 ut
948 4113 1112 4180 aurifaber
1127 4114 1245 4180 feretro

195 4217 302 4280 saneti
334 4237 470 4279 manum
504 4214 650 4289 immisit,
685 4215 769 4280 mira
801 4219 874 4280 res!
911 4216 1066 4280 meritum
1100 4217 1246 4304 praeelari

197 4318 311 4383 Odulfi
333 4340 392 4404 per
407 4318 568 4381 virtutem
592 4316 656 4381 Dei
679 4318 805 4404 cupidae
828 4317 951 4404 reginae
967 4318 1075 4383 visum
1098 4318 1246 4385 abstulit

198 4420 355 4486 Cerneres
371 4441 483 4484 omnes
506 4425 682 4506 praesentes
705 4421 841 4496 turbari,
864 4420 986 4498 mirari,
1002 4426 1037 4487 et
1056 4422 1137 4507 quid
1152 4423 1247 4488 triste

198 4524 352 4588 acciderit
368 4523 579 4610 percunctari.
628 4523 706 4609 Ipsa
729 4523 870 4609 denique
893 4524 1015 4611 regina,
1032 4547 1100 4611 prae
1120 4526 1248 4591 caeteris

198 4626 302 4690 trietis
326 4626 449 4701 ell'eeta,
473 4625 669 4712 quantocius
692 4627 847 4713 praecepit
865 4626 1031 4692 aurifabro
1045 4627 1088 4692 ab
1103 4629 1247 4715 inooepto

199 4728 361 4796 desistere.
408 4729 492 4794 Tum
527 4730 659 4796 demum
694 4735 774 4796 voto
807 4750 842 4796 ee
882 4729 1045 4817 obligavit
1077 4752 1245 4820 nunquam

1271 994 1350 1114 οέΑῙ).

1286 1866 1353 1917 ΑΙ).

1247 1937 1324 1983 1043·
1328 1936 1399 1983 1066.
