3264 5662
408 792 609 843 ennourcon
633 792 791 842 anuarns
814 795 861 843 na
884 794 1054 845 massan.
1189 783 1253 845 ‘243

208 975 330 1040 vientes
351 977 392 1041 de
410 978 462 1042 his
480 979 531 1043 vel
550 979 624 1043 aliis
647 979 867 1045 immobilibus
887 1001 1102 1045 remunerare.
1142 977 1251 1058 Quare
1263 988 1416 1048 A.1).1‘.²13.

207 1075 340 1163 legatus,
361 1081 566 1164 acquiescens
589 1081 772 1147 rationibus
794 1083 882 1159 meis,
904 1105 1016 1148 omnes
1035 1083 1108 1147 illas
1130 1103 1251 1168 posses·

206 1179 308 1244 siones
332 1204 406 1266 qum
439 1183 506 1248 solo
533 1184 634 1249 titulo
665 1185 853 1249 donationis
880 1186 1009 1250 abbatis
1044 1183 1253 1270 possideban-

206 1290 257 1345 tur
280 1282 323 1346 ab
350 1283 516 1370 aliquibus
544 1288 719 1352 revocavit.
760 1288 805 1352 Et
834 1287 948 1371 adjeci,
981 1296 998 1321 “
1009 1288 1107 1351 Pater
1130 1291 1250 1362 sancte,
1262 1304 1399 1357 snrrender

206 1392 220 1415 ‘⁶
240 1405 306 1447 non
345 1390 477 1452 tautum
516 1410 574 1473 pro
604 1388 655 1453 his
685 1390 940 1475 possessionibus
971 1388 1171 1475 dilapidator
1200 1372 1375 1453 ost⁰f¹²¹¹¹‘¹⁸·

205 1495 219 1517 “
239 1485 343 1551 abbas
365 1494 476 1554 noster
499 1495 534 1555 et
556 1491 655 1556 debet
678 1492 804 1577 deponi,
828 1492 884 1557 sed
907 1491 1008 1556 ctiam
1031 1513 1132 1577 quum
1155 1512 1249 1575 quas·

205 1596 219 1619 ‘⁴
240 1587 317 1652 dam
348 1591 428 1655 alias
459 1594 674 1677 possessiones
706 1594 867 1679 potuisset
899 1593 1081 1659 defendisse
1111 1598 1145 1656 et
1170 1592 1249 1656 reti·
1327 1676 1331 1681 ⁸

205 1699 219 1722 ‘⁶
242 1692 358 1769 unisse,
380 1695 574 1759 colludendo
597 1719 671 1760 eum
694 1696 888 1761 adversariis
911 1696 1031 1760 nostris
1053 1693 1248 1781 quibusdam

207 1801 222 1825 “
242 1816 298 1859 eas
332 1796 368 1859 in
400 1798 474 1881 jure
509 1800 614 1875 cessit,
642 1822 662 1863 a
692 1799 899 1884 quarundam
935 1821 1014 1863 vero
1051 1797 1249 1885 possessione

205 1904 219 1928 ‘⁶
240 1897 359 1961 cecidit
390 1922 447 1984 per
484 1901 731 1977 contumaciam,
770 1906 804 1966 et
841 1901 920 1965 faeti
959 1909 1037 1967 sunt
1073 1899 1251 1965 adversarii

204 2006 220 2031 ‘¹
241 2000 347 2063 nostri
377 2002 448 2065 veri
479 2026 672 2088 possessores
703 2026 760 2090 per
791 2003 861 2089 ejus
891 2003 1130 2069 contumaciam
1167 2002 1251 2067 sicut

204 2108 219 2132 “
240 2102 340 2166 moris
362 2109 413 2168 est
435 2105 468 2171 in
493 2107 585 2170 curia
606 2107 697 2193 regia
711 2131 718 2183 3
731 2104 827 2171 ”-et
857 2106 1002 2192 expressi
1028 2105 1251 2192 possessiones,

201 2204 302 2268 veluti
342 2205 573 2293 Raggeleyam,
609 2213 644 2273 et
678 2216 801 2273 terram
837 2209 977 2273 Walteri
1012 2208 1058 2272 Le
1093 2208 1177 2272 Poer
1210 2207 1251 2270 de

203 2306 425 2392 Ambrcsleya,
460 2315 494 2374 et
528 2315 649 2375 terram
683 2310 707 2374 J
709 2311 847 2375 ohannis
882 2311 921 2374 de
952 2309 1185 2395 Tethlcstrope,
1216 2314 1251 2371 et

203 2412 324 2473 terram
352 2410 506 2497 Hugonis
539 2413 655 2478 Russel
676 2413 717 2478 dc
741 2413 930 2489 Neweham,
957 2418 992 2477 et
1014 2412 1137 2476 multas
1159 2411 1251 2490 alias,

202 2532 284 2596 quas
307 2512 434 2599 legatus
455 2537 606 2580 revocare
623 2538 690 2579 non
711 2516 822 2602 potuit
843 2516 921 2600 quia
943 2516 1007 2579 alio
1028 2513 1129 2579 titulo
1151 2535 1250 2599 quam

202 2634 242 2677 ex
280 2614 458 2681 donatione
492 2618 593 2682 abbas
628 2617 887 2704 possidebantur.
934 2616 980 2681 Et
1014 2638 1116 2702 quum
1151 2616 1251 2680 abbas

202 2716 421 2801 respondisset
451 2719 541 2804 quod
570 2742 637 2783 non
668 2721 777 2806 potuit
808 2742 862 2784 cas
892 2718 1083 2794 defendisse,
1114 2724 1149 2783 et
1178 2717 1252 2782 ideo

203 2819 374 2903 pecuniam
412 2822 455 2884 ab
494 2822 691 2886 adversariis
735 2823 857 2886 nostris
903 2823 1024 2908 recepit
1061 2844 1104 2886 ne
1142 2825 1252 2887 totum

202 2920 370 2985 amitteret
401 2928 435 2987 et
456 2924 589 3009 reliquit
619 2924 666 2989 eis
696 2928 808 3001 terras,
841 2945 900 3011 ego
930 2929 1085 2988 econtra
1114 2923 1252 3008 exposui

202 3021 333 3087 domino
356 3023 466 3110 legato
484 3027 541 3110 jus
562 3031 711 3090 nostrum
734 3031 803 3090 tam
825 3026 1034 3111 possessionis
1056 3048 1154 3111 quam
1177 3046 1252 3111 pro-

203 3122 351 3206 prietatis
388 3125 475 3208 quod
514 3125 689 3188 habuimus
727 3126 762 3188 in
800 3126 896 3189 lenis
933 3126 1006 3199 illis,
1037 3130 1072 3189 et
1101 3145 1252 3208 expresse

202 3225 329 3289 ‹stendi
353 3225 440 3309 quod
462 3227 489 3289 si
514 3227 615 3290 abbas
646 3228 772 3313 sapiens
802 3226 918 3291 fuisset
941 3233 975 3291 et
997 3225 1099 3290 vellet
1129 3247 1252 3311 expen-

201 3326 285 3391 disse
318 3329 489 3412 pecuniam
513 3330 653 3394 eeclesia
676 3330 878 3405 intuitione
901 3329 1140 3414 possessionum
1172 3327 1251 3413 ejus,

201 3430 360 3515 potuisset
383 3452 437 3495 eas
456 3430 645 3496 defendisse.
692 3432 800 3510 Quare
819 3431 890 3495 dixi
912 3429 1151 3516 quodpropter
1171 3429 1252 3493 dila-

201 3532 404 3617 pidationem
435 3534 486 3598 rel
518 3533 727 3598 collusionem
757 3533 812 3598 uel
841 3532 1105 3597 insufficientiam
1135 3531 1252 3596 debuit

201 3635 326 3721 deponi.
374 3646 389 3670 “
400 3637 538 3701 Mobilis
570 3638 670 3701 etiam
706 3637 755 3700 ita
789 3635 985 3722 dilapidavit
1017 3635 1105 3720 quod
1135 3634 1250 3699 vicesi-

201 3746 216 3770 “
239 3759 327 3801 mam
347 3739 503 3824 [partem]
520 3740 857 3804 instauramentomm
873 3760 940 3802 non
959 3738 1117 3802 babemus
1132 3737 1251 3823 quibus

201 3847 218 3873 “
241 3839 435 3905 deberemus
458 3847 492 3906 ct
514 3864 679 3928 possemus
697 3843 856 3927 praecipue
880 3842 1065 3906 sustentari.
1104 3840 1182 3904 AEre
1200 3841 1249 3903 in·
1263 3852 1393 3904 Debetur

199 3950 216 3978 “
240 3966 338 4030 super
360 3945 468 4009 alieno
489 3945 539 4009 ita
562 3967 621 4010 nos
645 3945 796 4009 oneravit
816 3943 904 4030 quod
924 3945 982 4007 vix
1009 3921 1338 4007 liberabimur.''¹⁰”¹¹⁸·

200 4048 245 4113 Et
267 4071 371 4134 quum
395 4048 496 4114 abbas
519 4050 643 4114 diceret
669 4050 739 4114 hrec
763 4048 813 4112 ita
834 4069 903 4113 esse
933 4053 1068 4133 propter
1090 4068 1250 4132 expensas

199 4151 277 4225 litis,
301 4151 453 4237 respondi
479 4174 553 4217 eum
581 4153 664 4216 bene
695 4173 789 4237 posse
819 4150 889 4215 haec
913 4150 1088 4235 complesse
1110 4150 1147 4213 in
1177 4155 1250 4214 octo

197 4255 294 4319 annis
325 4254 444 4339 quibus
482 4277 502 4318 a
539 4255 599 4319 lite
633 4251 854 4318 cessavimus.l
914 4259 931 4286 “
944 4252 1116 4332 Praeterea,
1156 4258 1251 4337 pater

196 4365 214 4392 “
239 4362 361 4436 sancte,
394 4357 534 4420 multum
569 4357 786 4422 exordinatus
819 4359 869 4419 cst
895 4355 998 4418 abbas
1028 4359 1139 4418 noster
1172 4354 1251 4439 quia

197 4514 357 4523 n-——o—

233 4601 238 4628 ¹
252 4600 309 4648 The
321 4599 418 4647 clauses
433 4599 518 4658 Qurne
529 4600 582 4648 diri
593 4636 701 4650 .....
750 4598 793 4648 1111·
805 4599 911 4662 (1111111111
923 4598 1003 4649 scribe
1015 4598 1053 4647 for
1064 4612 1080 4647 a
1091 4597 1186 4648 shorter
1197 4613 1252 4661 pas·

192 4682 350 4740 cessavimus,
358 4680 423 4728 hare
434 4681 497 4729 been
508 4680 657 4731 substituted
668 4681 702 4744 by
750 4693 817 4745 suge,
828 4677 913 4730 which
924 4679 969 4729 bas
980 4681 1043 4729 been
1051 4679 1146 4729 erased.

1049 4765 1116 4838 Qa
