3270 5656
394 828 597 878 enneureer
619 827 778 880 renarra
800 830 848 879 1111
871 830 1041 881 avesnia.
1179 818 1243 881 145

193 1023 211 1051 “
234 1014 321 1081 ditor·
344 1016 511 1103 pessimus,
535 1016 743 1082 admitterem
771 1038 830 1104 ege
855 1021 889 1082 te
920 1018 955 1081 in
979 1018 1113 1083 demum
1136 1040 1243 1084 meam
1255 1036 1403 1093 11111115.

193 1127 209 1152 “
233 1125 271 1183 ut
301 1141 354 1184 me
385 1117 597 1184 occiderest”
624 1124 659 1184 et
685 1120 901 1185 contumelias
932 1126 966 1184 et
987 1120 1107 1206 probra
1129 1127 1163 1186 et
1186 1144 1244 1208 op-

191 1230 320 1314 probria
355 1231 461 1295 multa
491 1230 578 1295 dixit
607 1230 697 1294 mibi.
745 1231 791 1296 Et
821 1253 881 1316 ego
911 1230 1030 1295 blande
1061 1237 1095 1296 et
1124 1231 1244 1297 leniter

191 1331 269 1412 dixi,
300 1339 319 1368 “
330 1332 481 1410 Domine,
504 1355 572 1398 nen
601 1356 673 1397 sum
704 1333 862 1420 proditor,
885 1355 945 1398 uec
975 1334 1028 1398 hic
1051 1334 1167 1400 timere
1190 1357 1242 1401 rue

191 1435 357 1501 “debetis
387 1458 489 1521 quum
515 1435 698 1520 juraverim
722 1436 817 1501 vobis
847 1441 926 1502 ante
949 1459 1110 1502 recessum
1132 1459 1243 1502 meum

191 1541 210 1570 “
231 1536 274 1601 ab
303 1536 429 1624 Anglia
462 1560 513 1601 me
543 1538 638 1603 vobis
670 1538 799 1603 fidelem
831 1539 899 1604 fore
932 1539 967 1603 in
1002 1541 1120 1605 itinere
1150 1541 1243 1606 isto.''

191 1638 251 1703 Ille
273 1660 351 1704 vero
374 1647 449 1726 post
470 1642 592 1705 multas
614 1641 852 1719 altercationem
877 1642 972 1728 quasi
991 1664 1118 1708 venene
1139 1643 1242 1709 effuso

191 1741 370 1827 mitigatus,
394 1741 489 1822 dixit,
523 1742 589 1807 “Si
619 1742 726 1808 fidelis
755 1765 797 1819 es,
828 1749 879 1808 sta
900 1745 1093 1823 nobiscum;
1117 1746 1145 1810 si
1168 1745 1243 1810 infi-

190 1843 275 1919 delis,
300 1842 442 1909 recede.”
486 1844 531 1908 Et
561 1866 621 1930 ego
651 1845 731 1922 dixi,
755 1845 1410 1926 ε111111111111111111111,11111111101111111111

190 1952 208 1979 ‘⁴
229 1942 426 2011 vobiscum.'’
472 1945 517 2011 Et
544 1948 649 2010 mansi
679 1947 727 2012 ibi
758 1970 816 2034 per
846 1950 1033 2034 quindecim
1056 1936 1348 2051 1111111111111-ζι1ἢξξξ,ι

190 2047 310 2111 duetus
341 2054 376 2113 et
404 2047 529 2125 bibens,
561 2048 619 2113 sed
649 2049 749 2114 abbas
783 2073 849 2115 nen
882 2057 953 2118 erat
983 2052 1065 2116 mibi
1095 2052 1239 2138 loquens.
1251 2068 1376 2135 loufflngs.

191 2148 412 2215 Veruntamen
461 2151 567 2237 prima
615 2151 669 2216 die
711 2154 864 2238 pervenit
912 2154 954 2218 ad
1005 2176 1058 2219 me
1096 2156 1239 2221 edietum

190 2250 315 2316 abbatis
347 2274 389 2316 ne
423 2252 592 2338 egrederer
625 2253 747 2319 ostium
777 2255 990 2333 tabernaculi,
1020 2278 1080 2321 nee
1115 2259 1240 2321 curiam

191 2353 374 2439 ingrederer
394 2355 460 2419 nisi
489 2377 563 2419 eum
594 2377 642 2421 eo.
691 2357 764 2422 Hoc
795 2358 868 2422 ideo
898 2358 1041 2423 fecitne
1063 2358 1242 2423 audientiis

190 2454 376 2521 interessem
423 2462 456 2520 et
498 2457 664 2543 aliquibus
716 2459 822 2523 literis
864 2460 934 2543 ejus
978 2460 1240 2524 contradicerem.

191 2556 391 2643 Perquisivit
413 2559 501 2622 enim
531 2559 666 2624 interim
696 2560 940 2647 indulgentiam
963 2562 1051 2647 quod
1073 2561 1187 2627 lieeret
1210 2562 1241 2627 ei

190 2660 405 2747 appellatione
427 2666 553 2727 remota
582 2662 742 2748 corrigere
772 2663 968 2749 irregulares
998 2685 1148 2730 excessus
1171 2686 1240 2728 me·

189 2762 363 2828 nocherum
388 2785 528 2841 suorum,
553 2770 587 2829 et
610 2765 708 2828 aliam
731 2765 820 2851 quod
842 2765 957 2831 liceret
983 2766 1012 2832 ei
1036 2767 1197 2853 expellere
1220 2790 1241 2831 a

190 2865 282 2930 domo
304 2888 366 2930 sua
388 2866 608 2952 appellatione
629 2872 757 2932 remota
779 2869 860 2933 duos
878 2869 967 2954 pacis
986 2868 1239 2954 perturbatorem

189 2988 288 3031 uuum
312 2969 474 3033 medicum
498 2975 532 3033 et
554 2969 657 3033 alium
676 2969 761 3053 juris
784 2971 935 3055 peritum,
958 2972 1053 3036 bonae
1076 2973 1240 3036 memoriae

190 3070 380 3156 magistrum
404 3071 561 3135 Tlremam
583 3073 624 3137 de
646 3071 840 3137 Northwich
857 3078 891 3139 et
910 3095 962 3138 me
978 3075 1092 3138 volens
1115 3073 1157 3138 ab
1180 3073 1241 3140 hae

190 3172 282 3239 deme
302 3173 426 3258 ejicere.

189 3453 341 3535 ereliter·
359 3454 499 3521 Tloerus
521 3454 708 3522 mortuellus
729 3456 972 3522 reconciliatus
994 3454 1039 3521 sit
1062 3456 1174 3521 abbati
1196 3456 1238 3522 iu

231 3557 340 3634 cru-io,
357 3557 487 3644 etquid
506 3565 622 3643 posteo
644 3558 696 3624 c'bi
721 3559 851 3643 aperiat
874 3566 902 3624 et
925 3559 1192 3645 impetraverist.

231 3714 312 3778 Erat
350 3720 460 3779 autem
499 3714 545 3778 ibi
583 3721 663 3779 tune
702 3716 836 3800 quidam
883 3716 1067 3802 capellanus
1106 3716 1237 3782 abbatis

186 3816 350 3880 Henrieus
387 3816 428 3881 de
467 3815 623 3884 Colelium
658 3818 845 3893 menachus,
879 3819 972 3903 eujus
1006 3820 1165 3883 memoria
1202 3821 1237 3883 in

184 3918 412 3983 benedictione
435 3918 488 3995 sit,
512 3940 571 4004 pro
594 3941 631 3983 eo
655 3920 743 4004 qued
760 3921 905 3983 animam
929 3942 1035 3984 meam
1059 3920 1106 3984 ibi
1130 3921 1237 3984 salva-

183 4021 277 4084 verit.
326 4020 391 4098 Qui
420 4043 522 4105 quum
554 4020 685 4084 audiret
717 4020 870 4085 abbatem
906 4021 1118 4084 insidiantem
1154 4021 1236 4085 vitae
1251 4026 1344 4106 Maria

184 4144 273 4197 meru,
290 4122 432 4207 quadam
463 4128 559 4188 nocte
583 4144 684 4207 quum
708 4123 805 4186 simul
824 4123 1007 4206 jaceremus
1030 4120 1131 4209 (sieut
1155 4144 1236 4185 sem·
1250 4096 1359 4209 *vffif

183 4246 241 4310 per
264 4224 495 4288 consuevimus
515 4226 551 4288 in
574 4224 694 4289 itinere
713 4224 793 4308 illo),
816 4245 882 4286 nen
898 4223 986 4287 enim
1000 4222 1040 4287 de
1062 4223 1114 4288 die
1137 4244 1237 4287 ausus
1249 4227 1356 4276 matthe

183 4326 248 4389 suit
271 4325 361 4411 loqui
385 4326 476 4403 milri,
508 4326 591 4390 flens
626 4331 659 4389 et
694 4326 820 4410 ejulans
855 4324 942 4388 dixit
973 4323 1064 4399 milri,
1099 4293 1387 4422 “])01111ῗ,1ζξζῗῐ,1ἒ,)”

183 4436 200 4462 “
224 4433 389 4513 superte,
412 4427 515 4491 frater
548 4429 614 4507 rui3
638 4449 747 4512 qruere
779 4426 954 4512 diffugium
979 4427 1008 4489 si
1032 4429 1131 4511 petes,
1158 4426 1351 4511 quialdslist‘·

184 4539 202 4564 “
226 4529 328 4593 abbas
351 4530 471 4614 quaerit
492 4531 636 4593 animam
660 4535 752 4594 tuam
768 4529 794 4608 ;’'
817 4533 932 4593 contra
955 4528 1076 4592 multas
1100 4529 1235 4594 insidias

183 4631 314 4694 ablatis
348 4654 400 4695 me
436 4632 666 4718 praemuniens,
690 4637 724 4696 et
750 4637 865 4695 eontra
896 4631 1010 4695 modos
1042 4631 1234 4695 insidiarum

184 4754 235 4798 me
266 4732 406 4798 reddens
440 4734 629 4802 cautiorem.
674 4734 767 4799 Tune
797 4733 920 4799 tradidi
952 4733 983 4798 ei
1012 4732 1236 4819 quadraginta

1077 4852 1103 4899 K
