3270 5656
497 814 698 866 cnaomcoa
712 813 869 865 semna
885 815 932 864 nn
955 814 1122 866 nummu.
1289 803 1331 869 29

287 993 466 1079 aptissima,
487 992 648 1070 videlicet,
671 992 711 1057 de
733 993 837 1080 phoca
868 1014 987 1080 magno
1009 993 1095 1079 pisce
1117 998 1232 1058 contra
1259 993 1333 1058 soli-

287 1101 358 1161 tum
392 1095 524 1161 modum
558 1095 675 1161 talium
709 1096 845 1182 piscium
875 1097 911 1159 in
942 1095 1076 1160 flumine
1098 1095 1213 1161 Avene
1245 1096 1334 1183 apud

288 1198 472 1265 Eovesham
503 1199 540 1262 in
573 1198 754 1264 festivitate
784 1199 933 1286 praedicti
962 1199 1025 1262 viri
1055 1198 1145 1263 beati
1174 1199 1216 1266 ad
1243 1219 1333 1265 esum

288 1323 457 1367 seruorum
489 1301 553 1367 Dei
586 1302 732 1380 invento,
756 1308 790 1367 et
822 1301 863 1366 de
894 1301 1025 1365 homine
1055 1299 1167 1366 ferreis
1192 1301 1333 1366 vinculis

287 1407 421 1470 astricto
441 1427 462 1470 a
476 1406 597 1471 sanctis
619 1404 786 1491 Apostolis
803 1404 901 1469 Petro
917 1408 951 1469 et
967 1403 1067 1468 Paulo
1079 1403 1121 1468 ab
1133 1404 1213 1469 urbe
1229 1403 1334 1469 Roma

288 1507 539 1573 Eoveshamiam
557 1509 746 1573 transmisso
762 1512 795 1571 et
816 1529 836 1572 a
858 1507 955 1572 beato
970 1506 1125 1592 Ecgwino
1148 1506 1302 1571 solvendo
1313 1504 1333 1571 ¹.

289 1611 372 1692 Quae
393 1632 496 1697 quum
520 1616 629 1676 mente
643 1611 858 1696 concepissem
882 1616 916 1675 et
938 1609 1066 1695 plenius
1088 1609 1332 1686 intellexissem,

288 1713 502 1800 ultraquam
536 1712 624 1778 credi
653 1714 755 1800 possit
785 1712 967 1777 admiratus
997 1732 1079 1791 sum,
1110 1718 1145 1777 et
1175 1713 1269 1798 quasi
1299 1713 1334 1776 in

288 1818 392 1881 extasi
428 1838 495 1902 prae
524 1816 645 1904 gaudio
676 1815 782 1881 factus
813 1838 885 1879 sum
911 1836 949 1879 eo
981 1815 1067 1901 quod
1090 1814 1192 1880 clavis
1222 1815 1334 1880 David

288 1920 414 2005 aperire
446 1919 584 2005 dignata
628 1925 687 1997 est,
729 1923 763 1983 et
798 1918 1003 1984 introductus
1035 1940 1107 1983 sum
1145 1918 1182 1983 in
1221 1918 1334 1983 cellam

289 2022 452 2086 vinariam
476 2022 512 2085 in
527 2042 593 2107 qua
617 2020 699 2086 mihi
721 2027 790 2086 tem
813 2021 979 2107 egregium
1002 2021 1262 2087 demonstratum
1285 2006 1334 2086 eet

224 2132 234 2151 '
290 2123 465 2210 exemplar.
512 2123 594 2203 Quis
618 2145 764 2210 unquam
789 2146 856 2188 non
881 2124 992 2189 credat
1015 2124 1085 2189 haec
1111 2124 1226 2188 divina
1247 2124 1334 2189 facta

288 2227 525 2314 dispositione?
570 2226 632 2291 Vel
654 2227 728 2313 quis
751 2226 884 2291 dubitet
906 2226 977 2293 haec
999 2231 1068 2291 tam
1092 2226 1250 2291 solemnia
1274 2227 1333 2290 mi-

288 2329 399 2394 racula
421 2329 457 2392 in
479 2335 549 2393 tam
574 2329 711 2394 solemni
741 2328 948 2394 solemnitate
977 2328 1122 2416 legenda,
1148 2329 1261 2394 divino
1286 2350 1334 2393 re·

288 2437 420 2498 seruata
450 2453 519 2497 esse
543 2431 693 2518 judicio?
748 2430 869 2498 Credat
900 2433 956 2518 qui
986 2432 1136 2509 voluerit,
1167 2433 1245 2519 quia
1274 2452 1334 2518 ego

288 2534 396 2612 crede,
420 2534 484 2600 Dei
520 2534 729 2620 providentia
754 2535 804 2600 ita
832 2535 957 2600 factum
982 2556 1058 2602 esse.
1115 2534 1204 2601 Nam
1237 2555 1334 2600 omne
1347 2550 1477 2607 sesemen
1485 2555 1501 2609 i.

288 2638 404 2703 <latum
436 2637 597 2723 optimum
634 2642 669 2702 et
699 2659 794 2703 omne
825 2637 949 2702 donum
986 2637 1165 2724 perlectum
1195 2637 1235 2704 de
1265 2660 1333 2703 sur·
1349 2623 1388 2672 ¹⁷·

288 2762 360 2806 sum
392 2746 450 2818 est,
490 2740 686 2806 descendens
724 2762 745 2804 a
774 2740 872 2806 Patre
909 2741 1077 2807 luminum.
1147 2741 1256 2829 Igitur
1293 2741 1334 2806 de

288 2865 364 2908 casu
379 2847 450 2908 tam
469 2843 654 2908 admirabili
678 2843 932 2930 obstupefactus,
954 2865 1012 2930 per
1033 2845 1080 2909 rei
1103 2849 1213 2910 tamen
1229 2848 1334 2911 tantm

288 2950 445 3011 eventum
468 2945 677 3023 confortatus,
701 2968 782 3032 opus
804 2947 886 3011 mihi
916 2947 1101 3032 injunctum
1134 2948 1334 3035 aggrediens,

288 3049 452 3113 adfinem
477 3048 736 3135 qualemcunque
758 3070 860 3135 usquc
887 3051 1036 3135 perduxi,
1067 3049 1131 3115 Illo
1154 3051 1333 3136 adjuvante

288 3152 359 3215 sinc
386 3150 459 3229 Quo
485 3150 570 3215 nihil
597 3156 647 3215 est
678 3158 836 3229 sanctum,
867 3152 951 3216 nihil
982 3152 1138 3229 validum,
1164 3152 1227 3232 Qui
1260 3174 1333 3218 cum

290 3253 390 3318 Patre
409 3259 443 3317 et
460 3253 588 3339 Spiritu
605 3253 726 3318 Sancto
750 3255 836 3319 vivit
851 3259 885 3320 et
900 3259 1016 3343 regnat
1039 3253 1129 3318 Deus
1151 3277 1209 3343 per
1224 3257 1334 3319 omniu

287 3357 407 3422 saecula
421 3355 619 3422 saeculorum.
665 3357 780 3423 Amen.

686 3680 692 3709 ¹
708 3677 758 3729 Sic.
795 3679 873 3741 Beati,
885 3678 966 3730 soluto.
