3270 5656
442 773 644 824 onnomcos
667 775 821 824 annana
844 776 890 824 nn
914 779 1082 828 nvnssnu.
1220 767 1282 831 119

245 949 394 1026 Suellam,
419 951 601 1014 manerium
625 950 666 1015 de
689 973 823 1027 camera,
854 958 888 1017 et
918 955 1107 1039 pernoctavi
1140 956 1196 1032 ibi,
1232 979 1284 1021 co·
1298 976 1449 1028 11111111.
1528 1003 1532 1014 ·

243 1053 349 1138 gitans
383 1054 461 1137 quia
490 1075 558 1118 nox
591 1053 726 1118 haberet
747 1055 938 1134 consilium,
971 1060 1005 1120 et
1039 1061 1160 1142 putans
1197 1059 1284 1143 quod

244 1154 341 1219 abbas
380 1154 488 1219 ebrius
525 1160 617 1234 esset,
657 1157 741 1221 sicut
775 1157 921 1241 quotidie
952 1179 1020 1221 esse
1050 1160 1218 1225 consuevit
1250 1166 1284 1226 et

244 1278 325 1342 saepo
347 1257 398 1321 bis
421 1279 488 1320 una
507 1257 568 1333 die,
591 1257 645 1321 vel
668 1257 756 1342 quod
787 1263 868 1322 tunc
898 1258 1033 1323 haberet
1062 1259 1109 1325 ibi
1140 1261 1284 1347 aliquam

244 1358 281 1420 (11
303 1357 492 1422 concubinis
515 1359 590 1436 suis,
613 1364 747 1445 propter
771 1382 852 1444 quas
882 1381 967 1446 saepo
991 1383 1050 1427 nos
1073 1371 1284 1429 consueverat

245 1460 410 1525 excludere
426 1483 446 1523 a
462 1460 615 1524 thalamis
630 1461 706 1537 suis,
723 1463 874 1546 quamvis
890 1462 1086 1528 concubinas
1102 1487 1176 1530 suas
1190 1467 1284 1531 nohis

243 1560 430 1625 videntibus
452 1562 487 1624 in
510 1561 663 1626 thalamis
685 1563 751 1626 suis
774 1565 895 1648 passim
923 1566 1128 1630 consueverit
1157 1566 1283 1633 habere.

244 1661 375 1727 Summo
398 1663 509 1748 itaqua
532 1685 628 1727 mane
651 1665 727 1728 veni
750 1664 1194 1745 ito1·u1nBradeuuellam,et
1216 1693 1284 1735 non

244 1765 372 1850 patebat
402 1765 483 1829 mihi
513 1766 685 1852 ingressus,
716 1788 776 1832 nec
809 1767 845 1831 in
883 1769 998 1833 melius
1032 1775 1197 1835 mutatum
1235 1779 1284 1838 est

245 1868 419 1943 consilium,
443 1867 500 1931 sed
522 1868 608 1932 idem
631 1890 820 1954 responsum
837 1872 942 1956 recepi
965 1872 1053 1956 quod
1068 1874 1180 1958 prius;
1202 1897 1284 1939 non-

245 1968 317 2034 dum
340 1969 430 2035 enim
453 1991 543 2055 spem
565 1970 720 2035 amiserat
745 1973 826 2056 quin
848 1973 1033 2058 episcopum
1049 1975 1155 2041 adhuc
1173 1977 1284 2063 aliquo

246 2073 334 2136 modo
368 2077 589 2157 corrumperet
620 2078 654 2137 et
680 2094 738 2136 nos
765 2073 795 2137 ei
818 2074 893 2139 dolo
915 2076 1068 2142 traderet.
1129 2078 1196 2143 Sed
1218 2081 1284 2167 epi·

246 2197 353 2263 scopus
375 2175 464 2240 filius
487 2174 640 2239 veritatis
662 2174 834 2260 iniquitati
857 2177 927 2262 ejus
950 2200 1017 2242 non
1043 2184 1213 2247 consensit.

247 2449 394 2533 Quot-iter
416 2447 685 2534 archiepiscopus
705 2447 879 2514 Haterius
901 2448 947 2513 111
968 2449 1147 2515 1111111111
1168 2459 1285 2538 contro

326 2550 520 2639 episcopum
542 2549 587 2615 stt
608 2572 793 2631 conversas,
816 2557 846 2616 ct
876 2551 915 2616 dc
933 2558 1089 2638 potestate
1118 2553 1285 2640 arctiepi

326 2654 418 2742 scopi
441 2654 484 2719 111
506 2653 639 2719 ecclesia
660 2653 927 2719 Eoeatamcusa'l

284 2836 327 2899 Et
358 2856 418 2920 ego
448 2829 571 2910 recessi,
603 2836 638 2896 et
669 2831 769 2895 tertia
799 2831 852 2896 die
883 2834 1005 2896 occurri
1036 2833 1167 2897 domino
1198 2834 1283 2899 Can·
1296 2848 1362 2914 Aug.
1375 2853 1415 2900 rr.

246 2936 397 3003 tuariensi
413 2935 449 2998 in
464 2932 582 2999 itinere
601 2955 659 3020 per
681 2934 746 2998 tria
768 2934 909 2997 miliaria
931 2934 1020 2998 ultra
1036 2935 1233 3016 Londonias,
1250 2944 1284 3002 et
1296 2916 1337 3031 ἓξ
1347 2924 1442 3032 ξξξζ,ω

245 3063 277 3106 eo
302 3064 376 3105 oum
411 3039 495 3102 fletu
517 3042 553 3101 et
584 3036 708 3122 ejulatu
731 3058 850 3123 magno
881 3059 923 3100 ex
950 3041 1042 3123 parte
1072 3038 1211 3103 fratrum
1234 3049 1449 3127 sa-bishop,and

245 3144 353 3220 lutato,
369 3147 481 3207 tamen
497 3140 576 3204 satis
598 3138 758 3204 rhetorice
774 3161 815 3203 ex
841 3140 954 3204 ordine
977 3141 1109 3204 narravi
1129 3142 1159 3205 ei
1174 3142 1284 3206 omnia
1295 3116 1442 3231 {ffiffls

245 3269 310 3331 quae
334 3245 422 3309 facta
445 3246 549 3317 erant,
580 3246 615 3305 et
646 3242 807 3306 instanter
836 3243 919 3327 petii
950 3243 1120 3307 sententiae
1143 3245 1284 3329 episcopi
1296 3248 1359 3296 from
1372 3249 1437 3298 Ian-

244 3349 480 3425 relaxationem,
498 3344 652 3428 adjiciens
675 3343 709 3406 in
732 3344 805 3421 fine,
829 3353 845 3377 “
861 3344 957 3407 Pater
972 3349 1091 3420 sancte,
1108 3366 1159 3409 res
1174 3352 1284 3410 vestra
1296 3315 1354 3363 ‘¹⁰¹¹'

245 3460 259 3483 “
278 3451 382 3536 magis
397 3449 507 3534 agitur
523 3469 618 3532 quam
636 3451 753 3521 nostra,
774 3451 808 3510 ct
830 3468 927 3510 eausa
941 3450 1050 3510 vestra
1072 3453 1123 3511 est
1144 3470 1203 3532 pro
1219 3470 1284 3535 qua

246 3563 259 3586 ⁴¹
280 3562 410 3617 stamus.
458 3551 500 3614 ln
531 3549 709 3635 privilegiis
732 3551 818 3612 enim
834 3550 955 3613 nostris
976 3549 1171 3630 continetur,
1196 3553 1282 3637 quod

246 3666 258 3689 ‘·'
279 3680 354 3721 cura
381 3655 564 3718 animarum
587 3651 727 3716 ecclesiae
742 3658 862 3716 nostrae
886 3673 906 3714 a
929 3652 1060 3716 domino
1081 3675 1167 3738 papa
1188 3654 1282 3720 vobis

245 3780 256 3790 ··
278 3759 445 3823 commissa
467 3760 525 3831 est,
550 3755 626 3819 etsi
650 3753 729 3837 quid
745 3753 887 3818 sinistrae
910 3755 1014 3838 partis
1042 3755 1124 3818 inihi
1139 3777 1281 3843 comper-

246 3883 257 3892 '·
279 3868 348 3926 tum
363 3860 465 3925 fuerit
480 3858 567 3936 eriri,
583 3858 693 3942 potius
711 3855 844 3920 auribus
859 3857 977 3920 vestris
1001 3856 1165 3922 deferatur
1181 3881 1279 3943 quam

246 3981 258 3996 ¹·
279 3988 334 4050 per
356 3961 495 4045 alicujus
511 3959 671 4024 occultam
691 3959 890 4023 sententiam
906 3959 995 4023 locus
1019 3964 1151 4023 sanctus
1167 3961 1280 4047 depra-

247 4088 258 4099 ‘·
279 4073 374 4130 vetur
397 4064 524 4148 injuste.
577 4062 622 4124 Et
645 4083 704 4124 vos
727 4083 814 4125 anuo
837 4061 1015 4146 praeterite,
1040 4061 1067 4124 si
1090 4061 1132 4125 ad
1162 4085 1281 4129 memo·

246 4177 259 4202 ·‘
279 4171 358 4232 riam
382 4166 545 4244 reducitis,
568 4164 629 4226 hoc
652 4162 824 4248 privilegio
848 4167 883 4226 et
900 4162 974 4247 jure
993 4167 1106 4227 nostro
1121 4165 1172 4227 usi
1195 4166 1281 4240 estis,

247 4292 258 4302 ·’
279 4279 318 4347 11,
335 4271 484 4356 episcopo
499 4256 659 4352 praesente
683 4270 716 4328 et
736 4287 802 4327 non
829 4264 1080 4341 contradicente,
1099 4288 1172 4350 quae
1188 4273 1282 4331 erant

247 4389 258 4404 ¹·
279 4370 466 4457 affligenda
482 4371 517 4432 in
540 4369 635 4432 domo
651 4372 763 4431 nostra
778 4372 812 4430 et
827 4365 922 4430 nobis
939 4367 1090 4431 omnibus
1110 4372 1280 4453 praesenti-

247 4495 259 4507 ··
280 4476 340 4539 bus
356 4479 390 4538 11
406 4475 440 4537 in
457 4471 579 4557 cryptis
594 4469 713 4534 nostris
728 4474 797 4533 tam
821 4469 987 4554 incapite,
1004 4492 1102 4554 quam
1123 4471 1159 4534 in
1182 4495 1281 4537 mem·

538 4736 542 4763 ¹
557 4734 752 4798 Etesiarum]
767 4734 925 4791 Ereshaensi,
938 4734 991 4782 Ms‘.
