3270 5656
501 770 701 822 caaourcou
717 768 872 820 assurin
887 770 934 820 nn
949 768 1117 819 nvrsnau
1290 752 1333 816 23

288 946 334 1011 Et
355 946 517 1033 condigne
539 947 629 1012 satis.
677 945 839 1010 Futurum
870 944 958 1008 enim
980 948 1050 1007 erat
1072 946 1121 1019 ut,
1145 960 1182 1004 eo
1204 958 1333 1003 reverso

287 1051 322 1114 in
344 1050 494 1136 patriam,
528 1071 570 1115 ex
593 1072 648 1115 ore
670 1049 740 1135 ejus
770 1048 912 1113 fluerent
934 1068 1029 1131 aquae
1050 1045 1147 1120 vivae,
1181 1042 1333 1107 salientes

287 1152 322 1217 in
355 1153 463 1219 vitam
497 1158 665 1232 aternam,
698 1159 732 1216 et
765 1173 824 1238 per
857 1148 950 1216 verbi
977 1148 1046 1234 ejus
1076 1150 1257 1213 attractum
1290 1166 1332 1210 ex

287 1258 469 1322 montuosis
491 1262 526 1322 et
548 1257 671 1323 saxosis
693 1254 846 1321 cordibus
868 1254 1057 1319 auditorum
1080 1250 1195 1314 Divini
1225 1248 1333 1336 gratia

287 1360 407 1425 amoris
433 1364 469 1424 et
491 1360 712 1446 spiritualium
740 1357 876 1424 dulcedo
903 1356 1065 1443 prosiliret
1091 1353 1264 1427 virtutum,
1291 1351 1332 1415 ad

287 1463 369 1549 Ejus
399 1462 539 1549 gloriam
566 1463 632 1543 Qui
654 1462 742 1528 vivit
776 1467 810 1527 et
844 1466 960 1548 regnat
992 1481 1050 1546 per
1076 1456 1187 1524 omnia
1216 1455 1334 1522 saecula

287 1565 488 1634 saeoulorum
534 1566 650 1632 Amen.

288 1854 336 1926 De
357 1856 582 1929 Sabvereione
605 1854 805 1935 Alcoestrica
829 1862 859 1921 ct
880 1876 984 1942 quoru
1011 1853 1113 1940 fabri
1143 1851 1195 1922 idi
1225 1853 1333 1941 cipere

687 1982 760 2026 nore
780 1966 933 2045 possunt

332 2114 507 2196 Quoddam
538 2111 731 2178 miraculum
764 2133 824 2198 per
856 2111 991 2176 beatum
1024 2111 1217 2198 Ecgwinum
1256 2112 1335 2176 dum
1348 2123 1502 2175 miraculosa

289 2217 395 2283 adhuc
425 2218 498 2283 luce
524 2217 585 2282 hac
611 2216 775 2281 frueretur
800 2220 1035 2302 perpetratum,
1061 2216 1136 2281 stilo
1161 2214 1335 2303 perfectius
1348 2192 1501 2311 flffirffl
1533 2277 1537 2285 .

288 2320 580 2387 commendandum
594 2320 716 2385 nostris
727 2319 928 2405 temporibus
943 2323 994 2382 est
1005 2323 1215 2384 reservatum.
1241 2319 1337 2399 Quod

288 2424 360 2489 ideo
393 2424 430 2487 in
457 2424 529 2488 vita
559 2445 619 2488 sua
651 2421 818 2487 neminem
850 2421 1117 2508 praedecessorum
1149 2427 1335 2487 nostrorum

289 2527 451 2613 scripsisse
474 2525 642 2603 credimus,
667 2526 746 2611 quia
767 2547 824 2611 per
847 2525 949 2612 ipsius
978 2524 1056 2590 sacti
1079 2524 1280 2590 evidentiam
1303 2531 1336 2591 et

288 2629 453 2717 publicam
489 2629 644 2695 notitiam
687 2627 833 2713 ejusdem
871 2627 1020 2691 miraculi
1059 2627 1192 2713 dignam
1230 2629 1337 2694 adhuc

236 2756 242 2763 ·
288 2731 464 2798 habeamus
486 2732 686 2810 memoriam,
703 2751 763 2795 nec
786 2731 828 2796 ab
843 2730 1015 2795 hominum
1035 2731 1167 2797 recedat
1181 2732 1337 2797 memoria

289 2836 374 2920 quod
397 2835 504 2900 adhuc
535 2835 695 2921 probatur
721 2834 786 2898 fide
810 2833 962 2900 occulata.
1025 2833 1089 2900 Sed
1113 2836 1191 2921 quia
1213 2835 1337 2923 fugacis

289 2939 353 3004 aevi
383 2938 607 3025 longinquitas
638 2942 803 3023 gestorum
832 2936 1025 3001 solemnium
1048 2939 1234 3004 memoriam
1259 2939 1337 3004 abo-

289 3040 343 3121 let,
367 3048 401 3106 et
433 3063 507 3127 qum
541 3041 669 3128 publice
691 3040 777 3104 facta
810 3041 946 3104 fuerunt
980 3043 1142 3128 profunda
1173 3043 1337 3107 oblivione

288 3144 472 3230 sepeliendo
504 3151 664 3229 tanquam
698 3142 820 3208 infecta
850 3143 983 3208 reddere
1017 3145 1160 3221 festinat,
1188 3144 1337 3232 longaevo

289 3249 412 3312 veracis
446 3246 559 3333 scripti
597 3246 785 3312 testimonio
817 3245 900 3310 illud
935 3253 1139 3332 posterorum
1173 3249 1338 3313 meruerim

290 3348 486 3415 tradendum
519 3350 655 3435 dignmn
689 3349 853 3413 duximus.
908 3348 985 3412 Tale
1017 3350 1098 3436 quid
1129 3351 1214 3414 circa
1244 3351 1339 3414 illum

291 3451 477 3518 divinorum
490 3453 709 3530 secretarium,
722 3452 855 3517 beatum
867 3452 1020 3516 videlicet
1031 3451 1056 3519 J
1058 3453 1218 3518 ohannem
1228 3452 1339 3517 Evan-

291 3555 449 3642 gelistam,
465 3555 639 3641 contigisse
655 3555 794 3641 legitur:
818 3577 920 3641 quum
936 3555 1023 3618 enirn
1035 3562 1102 3620 tros
1118 3556 1339 3643 Evangelistae

291 3658 380 3744 prius
395 3681 433 3724 eo
456 3659 660 3744 scripsissent
676 3658 904 3744 Evangelium,
921 3658 1032 3722 nullus
1047 3659 1177 3724 illorum
1201 3661 1236 3724 in
1258 3660 1339 3724 serie

293 3762 342 3825 sui
365 3761 537 3847 Evangelii
560 3761 617 3825 illa
651 3759 716 3824 duo
739 3761 912 3849 praecipua,
937 3762 1045 3842 immo,
1069 3762 1219 3848 quamvis
1242 3762 1340 3826 mira-

295 3863 371 3928 bilia
392 3865 548 3929 universa
571 3863 707 3927 Domini
731 3884 835 3951 opera,
859 3886 927 3951 prae
951 3865 1076 3931 caeteris
1098 3869 1211 3929 tamen
1234 3864 1339 3930 excel·

292 3965 452 4031 lentiora¹
486 3966 657 4043 mirabilia,
682 3966 723 4030 de
755 3967 833 4032 coeci
865 3967 938 4031 nati
971 3966 1211 4032 illuminatione
1243 3968 1339 4032 etde

293 4069 502 4156 quatriduani
537 4069 651 4133 Lazari
686 4070 815 4156 scripsit
855 4069 1124 4135 resuscitatione²
1136 4095 1144 4150 3
1190 4070 1339 4155 quamvis

293 4178 401 4238 tamen
424 4171 521 4237 beato
545 4172 751 4258 Hieronymo
774 4172 958 4237 mirabilius
981 4173 1134 4238 videatur
1161 4173 1248 4258 quod
1271 4172 1337 4238 Do·

293 4277 400 4340 minus
425 4280 538 4340 noster
559 4274 697 4341 «ludaeos
720 4281 864 4340 ementes
890 4281 923 4340 et
945 4276 1126 4341 vendentes
1149 4276 1184 4339 in
1207 4276 1337 4363 templo,

295 4379 349 4443 ubi
370 4377 457 4443 idem
473 4378 496 4442 J
498 4378 585 4443 adai
601 4377 864 4456 dominabantur,
880 4379 1008 4464 flagello
1024 4401 1065 4443 ox
1085 4379 1238 4443 funiculis
1253 4379 1338 4445 facto

294 4480 332 4546 de
364 4480 477 4546 codem
510 4481 630 4567 templo
663 4482 802 4568 (iecerit,
830 4482 916 4567 quod
948 4481 1125 4546 immensus
1155 4482 1341 4548 exercitus³

1209 4639 1337 4646 -—-——

327 4708 334 4738 ¹
346 4706 524 4774 ardentiora]
538 4707 689 4769 excelltiora
702 4707 757 4759 MS.
883 4710 892 4738 ³
905 4707 1036 4775 exercitas]
1050 4707 1196 4775 excercitus,
1209 4711 1264 4763 MS.

328 4787 539 4854 'mentionem
553 4785 796 4849 moerebamus.
