3270 5656
438 801 637 854 onnourcou
660 803 817 856 renarra
840 803 887 853 oc
908 805 1078 856 nvnsucu.
1238 789 1281 856 45

242 1160 287 1230 Dc
308 1159 470 1248 reliquiis
490 1161 612 1230 soracti
626 1162 785 1249 Ecqua'ae'
800 1163 937 1251 furatis
953 1171 982 1231 ct
996 1164 1164 1247 revocatis,
1181 1166 1280 1255 sacra·

514 1264 576 1331 bus
597 1265 803 1353 infirmitate
825 1268 1001 1355 percussis

279 1436 433 1504 Matrona
455 1438 615 1556 quaedam,
637 1439 777 1525 Algitha
792 1440 934 1519 nomine,
952 1439 1030 1504 dum
1054 1442 1173 1560 saepius
1197 1449 1277 1508 tem·
1331 1449 1401 1503 ΑΙ)

238 1561 308 1628 pore
331 1542 480 1628 praedicti
503 1542 588 1629 regis
611 1540 788 1607 Eadvvardi
812 1543 977 1607 ecclesiam
1000 1544 1106 1609 sancti
1129 1544 1278 1631 Ecgwini
1291 1520 1444 1638 Τὴζᾏᾙέ

237 1643 462 1729 frequentaret,
496 1645 589 1711 veuit
627 1645 657 1709 ei
688 1644 724 1708 in
754 1651 898 1711 mentem
928 1645 970 1710 ob
1007 1668 1151 1712 amorem
1174 1651 1448 1720 sanctimonae

238 1747 426 1811 omnimodis
441 1753 571 1813 tentare
593 1747 621 1812 si
638 1748 813 1833 quicquam
836 1748 876 1813 de
898 1749 1096 1835 reliquiis
1068 1773 1138 1836 eJus
1152 1751 1277 1818 valeret
1289 1725 1371 1834 {³2²1ssss
1371 1720 1435 1837 {qne

237 1850 405 1936 roquirere.
453 1850 563 1937 Coepit
589 1850 691 1937 igitur
721 1850 836 1915 callide
859 1851 1009 1917 volutare
1031 1853 1173 1938 qualiter
1196 1854 1277 1920 desi·
1290 1849 1326 1900 S*
1336 1851 1434 1917 ngin

236 1951 356 2017 derium
379 1975 475 2018 suum
497 1958 608 2040 posset
629 1953 756 2017 facilius
780 1958 972 2040 perpetrare.
1018 1956 1141 2022 Accitis
1163 1957 1276 2044 itaque

235 2061 350 2120 secreto
376 2057 487 2142 pueris
510 2057 580 2134 loci,
606 2056 725 2142 eisque,
753 2062 792 2122 ut
822 2057 935 2134 fertur,
960 2057 1046 2123 dona
1069 2058 1218 2125 tribuens
1241 2068 1275 2126 et

235 2159 386 2245 ampliora
410 2159 613 2246 promittens,
636 2159 765 2246 rogavit
789 2165 952 2245 quatenus
975 2159 1039 2226 sibi
1066 2160 1106 2226 de
1128 2163 1275 2249 reliquiis

235 2262 333 2326 ancti
357 2261 507 2349 Ecgwini
521 2261 575 2325 vel
589 2262 754 2326 modicum
777 2261 858 2348 quid
880 2263 963 2327 clam
983 2264 1219 2350 perquirerent,
1235 2271 1274 2332 ut

234 2386 285 2454 per
304 2364 367 2429 hoc
381 2364 537 2449 majorem
561 2364 739 2429 mercedem
762 2365 804 2429 ab
827 2387 866 2431 ea
887 2366 1096 2453 perciperent.
1143 2367 1273 2436 Sciebat

233 2468 312 2533 enim
336 2467 428 2532 illam
452 2472 584 2532 aetatem
607 2467 716 2531 minus
737 2465 880 2533 habilem
903 2468 1131 2556 intelligentiae
1154 2471 1275 2536 levius-
1383 2478 1385 2485 ’

234 2592 289 2661 que
310 2592 405 2658 posse
428 2570 541 2657 decipi.
588 2569 741 2636 Praebent
767 2592 935 2636 assensum
959 2571 1061 2658 pueri,
1089 2578 1125 2637 et
1147 2595 1273 2662 coepere

233 2696 369 2762 quarere
384 2679 516 2760 tempus
538 2677 572 2738 et
594 2672 708 2737 horam
735 2681 818 2759 qua¹
835 2674 907 2739 sine
922 2674 1044 2741 notitia
1059 2675 1197 2741 aliorum
1213 2679 1272 2743 im-

232 2777 352 2866 plerent
388 2777 589 2864 promissum.
651 2776 773 2841 Verum
812 2776 892 2864 quid
922 2799 988 2842 non
1017 2779 1118 2844 audet
1155 2781 1273 2847 ardens

234 2880 412 2968 cupiditas?
456 2878 518 2944 Per
533 2879 698 2944 infirmam
720 2885 855 2945 aetatem
878 2881 1005 2967 perficit
1019 2882 1161 2948 avaritia
1176 2906 1272 2951 suum

232 2982 374 3048 officium.
422 2982 569 3068 Pergunt
591 2987 687 3048 nocta
707 2981 800 3069 pueri
823 2982 865 3047 ad
888 2984 993 3048 sancti
1017 2983 1165 3071 Ecgwini
1191 2987 1272 3051 fere-

232 3090 321 3165 lmm,
345 3091 523 3172 apertoque
547 3084 702 3150 velociter
732 3086 858 3162 scrinio,
886 3085 975 3151 furto
1005 3086 1159 3154 aurierunt
1181 3113 1272 3176 mug-

230 3210 300 3254 num
335 3189 539 3266 thesaurum,
566 3189 654 3252 omni
684 3189 863 3275 margarita
893 3189 1126 3275 preciosiorem.
1182 3192 1269 3257 Proh

230 3291 331 3357 dolor!
347 3292 540 3356 Temerariis
555 3291 705 3356 manibus
721 3291 937 3356 irreverenter
950 3297 1099 3359 tractant
1110 3294 1269 3359 membra²

229 3396 333 3472 macti,
349 3400 391 3471 et,
407 3393 556 3460 sublata³
571 3399 662 3480 parte
678 3394 801 3458 brachii
817 3416 891 3459 cum
907 3416 973 3458 uno
989 3394 1095 3475 dente,
1111 3403 1269 3463 matronae

229 3497 374 3563 studuere
402 3495 584 3562 clanculum
608 3495 785 3584 deportare
832 3497 956 3561 Verum
979 3499 1143 3564 enimvero
1173 3522 1270 3587 super

229 3605 290 3664 tam
312 3598 496 3665 incredibili
511 3598 648 3664 audacia
670 3621 737 3665 non
760 3599 818 3663 diu
834 3599 975 3678 distulit,
999 3607 1038 3667 ut
1059 3601 1095 3665 in
1117 3605 1267 3689 sequenti

229 3704 339 3786 patuit,
363 3700 567 3766 vindictam⁴
589 3724 714 3767 sumere
741 3702 825 3767 ultio
850 3703 969 3769 divina
1025 3703 1113 3771 Nam
1137 3728 1267 3772 sumens

230 3805 379 3889 pucdicta
394 3809 546 3868 matrona
559 3804 616 3868 diu
633 3804 852 3869 desideratum
868 3806 1067 3885 thesaurum,
1083 3808 1161 3873 laeta
1176 3831 1265 3895 repc-

230 3907 315 3973 davit
344 3907 387 3971 ad
418 3906 556 3993 propria.
602 3906 730 3972 Locatis
755 3908 857 3994 igitur
883 3908 1057 3975 honorifica
1086 3912 1264 3976 secundum

230 4030 317 4074 saum
347 4031 440 4096 posse
479 4009 624 4095 reliquiis
666 4011 769 4074 sancti
809 4009 958 4095 Ecgwini
990 4011 1024 4074 in
1051 4013 1264 4076 mundissimo

229 4110 340 4190 locello,
365 4112 518 4178 credebat
540 4134 574 4176 se
593 4112 717 4177 <liutius
739 4112 927 4200 gavisuram
950 4112 990 4176 do
1012 4112 1107 4180 furto.
1154 4115 1264 4195 Quum

230 4220 310 4279 ecce!
335 4220 466 4280 sanctus
487 4214 620 4279 Domini
646 4213 822 4300 Ecgwinus
844 4237 902 4302 per
924 4215 1083 4279 visionem
1106 4221 1264 4283 matronae

231 4325 317 4382 noctu
341 4338 509 4404 apparens,
529 4317 627 4403 jubet
650 4339 721 4383 eam
756 4340 788 4383 se
821 4320 926 4406 ipsum
958 4319 1124 4405 proprium
1156 4342 1264 4406 repor-

258 4552 276 4558 —
283 4553 422 4560 -—-....-.--
434 4554 486 4560 .-.-
495 4555 681 4562 —-—----

260 4686 264 4712 ¹
275 4685 334 4752 quc]
349 4702 406 4751 quo,
419 4685 476 4734 MS.
798 4685 928 4753 ’allam
942 4688 1045 4749 sublate,
1057 4689 1112 4739 MS.

259 4765 390 4831 sambra]
404 4767 515 4823 menbra,
527 4764 583 4816 MS.
797 4767 805 4794 ⁴
818 4766 960 4832 vindictam]
974 4767 1100 4829 unicam,
1112 4769 1167 4820 MS.
