3270 5656
390 799 591 847 onaoruoon·
616 798 1030 847 11111111111111111111.
1175 786 1238 847 113

192 969 297 1036 furore
335 974 469 1049 accensi,
501 995 574 1038 oum
612 974 748 1038 sanioris
785 973 911 1038 consilii
949 972 1113 1048 fratribus,
1152 973 1236 1037 siout
1250 985 1317 1035 111).
1331 991 1400 1036 raon.

192 1073 357 1157 quondam
380 1075 576 1141 Mattathias
599 1097 672 1140 oum
707 1076 783 1141 filiis
813 1076 881 1140 suis
903 1081 937 1139 et
959 1075 1081 1152 amicis,
1103 1074 1265 1171 firman-p
1277 1092 1357 1144 Maec.

190 1182 240 1240 tes
263 1175 360 1242 iacies
374 1200 450 1242 suas
471 1183 634 1243 steterunt
656 1201 699 1242 ex
721 1177 865 1255 adverso,
890 1182 1088 1264 opponentes
1109 1198 1143 1241 se
1165 1198 1236 1240 mu·
1248 1174 1285 1274 11
1286 1165 1326 1276 ἐξ

191 1299 262 1343 rum
285 1301 345 1365 pro
367 1280 464 1345 domo
479 1280 622 1356 Domini,
639 1280 795 1367 eligentes
818 1281 899 1345 mori
922 1281 958 1344 in
980 1278 1072 1344 ouria
1087 1278 1235 1344 Romana
1247 1293 1301 1342 xiii.
1315 1298 1337 1343 s.

192 1380 346 1467 adquam
362 1382 504 1448 reversio
526 1388 639 1448 nostra
661 1391 695 1448 et
718 1382 858 1448 eoelesiae
881 1387 1002 1447 nostrae
1026 1388 1076 1446 est
1098 1387 1133 1446 et
1155 1387 1233 1457 erat,

193 1506 289 1568 quam
329 1486 437 1551 subire
468 1485 598 1577 plenam
641 1484 872 1568 subjectionem
904 1489 938 1550 et
969 1484 1160 1548 servitutem
1200 1492 1234 1549 et

192 1585 353 1651 libertatis
385 1587 524 1652 ecelesias
555 1611 622 1652 suae
653 1591 845 1673 perpetuam
877 1586 1127 1651 subversionem.
1188 1586 1233 1652 Et
1246 1597 1401 1660 Thereplies.

193 1687 356 1766 dixerunt,
380 1699 396 1723 ‘⁴
412 1689 520 1770 Quare
536 1689 724 1755 detraxistis
746 1688 946 1753 sermonibus
969 1690 1142 1754 veritatisl
1179 1689 1233 1754 Ad
1246 1707 1297 1755 Job
1311 1706 1344 1753 vi.
1358 1711 1398 1755 as.

196 1801 209 1823 ¹·
234 1790 472 1856 detrahendum
486 1791 588 1857 verba
610 1792 804 1878 componitis
822 1797 856 1856 et
879 1792 1024 1856 nitimini
1047 1792 1234 1858 subvertero

195 1904 209 1925 ‘⁶
232 1893 417 1961 libertatem
441 1896 582 1961 ecelesiae
604 1900 729 1960 vestrae.
793 1893 871 1958 Non
894 1894 1040 1959 timeatis
1062 1901 1234 1981 pauperta-

194 2006 209 2028 ‘¹
232 2001 299 2060 tem
322 2003 465 2062 vestram
487 1998 540 2063 vel
563 1996 632 2061 litis
654 2018 821 2083 expensas,
845 1996 973 2081 quiesi
996 1998 1141 2061 maneria
1162 2019 1235 2063 nos-

194 2108 210 2130 “
234 2105 286 2162 tra
301 2098 519 2185 impignorare
535 2099 735 2164 voluerimus
758 2099 813 2163 vel
836 2100 864 2163 si
887 2099 1059 2185 pecuniam
1074 2123 1094 2164 a
1107 2101 1131 2165 J
1132 2101 1235 2165 udaeis

196 2213 211 2234 ‘⁶
234 2202 294 2267 sub
316 2202 424 2266 usuris
446 2201 645 2266 voluerimus
669 2201 723 2267 vel
745 2202 781 2265 in
804 2202 894 2266 ouria
911 2201 1059 2267 Romana
1081 2225 1102 2266 a
1117 2202 1236 2267 Roma·

196 2314 210 2338 ·‘
234 2305 283 2368 nis
306 2303 369 2369 sub
383 2304 489 2390 poenis
511 2304 654 2380 statutis,
677 2303 883 2368 inveniemus
899 2303 955 2388 qui
971 2325 1074 2388 usque
1088 2304 1131 2368 acl
1145 2304 1235 2369 mille

195 2424 209 2438 ··
233 2428 354 2470 mareas
388 2406 442 2471 vel
475 2406 616 2491 amplius
646 2410 808 2490 quantum
830 2404 1030 2469 voluerimus
1059 2427 1236 2470 accommo-

197 2522 213 2541 “
234 2509 361 2573 dabunt
383 2508 484 2584 uobis,
507 2509 567 2572 sub
603 2508 791 2572 testimonio
824 2507 924 2592 sigilli
955 2507 1090 2593 capituli
1123 2508 1233 2583 nostri,

196 2629 210 2642 ··
234 2611 310 2695 quia
324 2616 505 2675 conventus
519 2610 613 2695 quasi
634 2595 828 2674 immortalis
850 2614 907 2674 est.
953 2609 997 2673 Et
1012 2631 1071 2674 nos
1087 2611 1122 2674 iu
1137 2610 1236 2694 longa

197 2732 212 2745 ··
235 2721 380 2799 tempora
402 2712 590 2777 solvendam
614 2711 785 2798 pecuniam
809 2711 1003 2797 accipiemus
1026 2718 1061 2776 et
1082 2734 1149 2776 non
1172 2712 1236 2777 dis·

232 2837 407 2902 pergemur.
467 2814 645 2900 Episcopus
675 2819 788 2878 autem
822 2836 887 2878 non
919 2813 1066 2879 inveniet
1088 2815 1147 2900 qui
1176 2815 1235 2879 ali-

195 2935 210 2950 ··
233 2917 320 3003 quod
351 2916 532 2980 manerium
566 2915 636 2999 ejus
667 2914 735 2980 looo
760 2916 904 3001 pignoris
927 2916 1075 3001 accipiat,
1097 2938 1156 2980 neo
1179 2918 1235 3001 qui

196 3040 211 3053 ··
234 3020 405 3105 pecuniam
430 3019 460 3083 ei
483 3022 599 3082 mutuo
622 3017 679 3081 det
701 3017 765 3081 nisi
788 3018 823 3080 in
845 3018 973 3083 modica
995 3040 1130 3095 summa,
1158 3020 1234 3103 quia

234 3124 260 3186 si
291 3121 460 3207 episeopus
495 3125 675 3184 moreretur
697 3120 810 3183 statim
834 3121 952 3205 pignus
975 3120 1178 3196 liberaretur,
1201 3128 1235 3183 et

196 3246 210 3256 ··
234 3224 296 3288 nisi
318 3223 457 3288 creditor
480 3222 635 3308 probaret
668 3222 928 3286 demonstrativo
958 3221 1047 3306 quod
1069 3221 1105 3284 in
1128 3242 1234 3284 neces-

194 3347 209 3359 ··
233 3326 331 3389 serios
353 3346 433 3388 risus
464 3325 604 3388 eeclesiae
628 3324 765 3408 pecunia
787 3329 871 3387 esset
901 3344 1050 3408 expensa,
1074 3343 1235 3387 successor

194 3449 209 3459 ··
232 3427 379 3492 debitum
395 3426 518 3490 solvere
541 3447 608 3489 nou
630 3429 798 3489 teneretur
812 3449 820 3503 ;
843 3446 942 3508 quare
958 3446 1017 3487 nos
1032 3425 1068 3487 in
1084 3426 1234 3509 expensis

197 3548 211 3561 ¹·
235 3531 336 3616 magis
351 3549 520 3615 possumus
536 3549 633 3612 quam
656 3527 830 3613 episeopus
879 3525 974 3604 Quod
990 3526 1099 3590 dicitis
1116 3526 1234 3612 episco-

197 3646 210 3662 ·‘
234 3653 310 3716 pum
325 3652 392 3696 esse
416 3629 627 3694 favorabilem
651 3634 719 3693 tam
740 3627 829 3715 apud
854 3627 1017 3692 Romanos
1032 3650 1131 3714 quam
1146 3628 1233 3705 alios,

236 3734 292 3798 hoe
314 3755 381 3797 non
406 3732 559 3810 timeatis,
584 3732 662 3815 quia
693 3751 789 3795 causa
823 3750 883 3794 sua
917 3729 1056 3795 eeclesiae
1080 3729 1235 3796 Romanae

196 3844 210 3867 ⁴²
235 3835 342 3899 odiosa
364 3840 422 3910 est,
454 3832 559 3898 veluti
582 3855 656 3917 quae
687 3838 800 3896 eontra
829 3853 901 3895 eam
928 3836 977 3895 est
1006 3832 1169 3909 instituta,
1202 3840 1235 3897 et

197 3953 211 3969 ··
234 3960 328 4002 causa
350 3941 470 4012 nostra,
498 3957 570 4020 quae
593 3934 756 3998 libertatis
787 3938 845 4008 est,
876 3933 964 3997 inter
986 3955 1096 3997 omnes
1124 3955 1235 3997 1111111

199 4055 213 4071 ··
237 4041 338 4125 magis
377 4037 566 4102 favorabilis
598 4042 656 4112 est,
695 4040 729 4100 et
759 4035 902 4098 maxime
940 4035 1028 4118 apud
1069 4033 1233 4099 ecclesiam

196 4161 211 4174 ··
235 4139 424 4219 Rornanar'n,
455 4140 506 4204 cui
528 4139 688 4214 volumus,
713 4138 797 4201 sieut
827 4135 989 4210 debemus,
1021 4135 1111 4199 nullo
1133 4136 1233 4201 medi-

584 4284 1144 4295 *W
1151 4286 1221 4291 ,κὴ
1228 4288 1235 4291 ,,

192 4359 277 4408 “Vos
304 4359 352 4408 uisi
379 4360 486 4415 taederet,
513 4373 553 4407 mo
587 4357 690 4406 scribae
711 4374 714 4390 ·
737 4361 752 4382 “
769 4354 858 4403 herilis.
904 4353 1011 4417 Jamque
1038 4362 1159 4403 memento
1187 4355 1234 4403 mei

193 4444 207 4462 ·‘
224 4439 300 4486 multa
311 4438 402 4487 liberet
438 4437 613 4486 sedtumulta
621 4434 688 4485 brevi
737 4439 754 4461 ‘²
770 4433 910 4482 conditione
925 4433 984 4495 spel.
1004 4432 1093 4481 Valo.''
1128 4435 1155 4482 A
1166 4434 1235 4483 111111

192 4524 207 4542 ‘¹
223 4517 323 4581 percipis
341 4532 398 4566 aure
419 4515 475 4565 levi.
518 4515 621 4565 Pectore
638 4513 687 4563 sin·
736 4515 800 4564 from
820 4515 902 4564 Foliot
924 4523 950 4564 to
975 4514 1017 4564 the
1034 4514 1185 4565 mobdeacon
1209 4519 1239 4565 ol·

193 4603 205 4620 “
223 4611 277 4644 cero
288 4596 376 4645 sociari
394 4594 490 4645 temihi
510 4595 610 4658 qurero':
630 4608 687 4642 nom
736 4596 874 4644 Woroestsr
898 4594 922 4641 111
950 4594 1037 4643 behslf
1056 4594 1086 4644 ol
1111 4595 1233 4644 Errebam

193 4685 206 4699 ⁸·
224 4689 369 4738 quocunque
380 4675 448 4724 voles
459 4681 551 4723 vortere
559 4673 608 4722 fata
616 4674 686 4722 soles.
738 4673 788 4722 will
800 4675 830 4721 be
842 4672 920 4720 found
931 4672 958 4720 in
970 4672 1012 4722 rho
1024 4674 1127 4735 presses.

192 4765 205 4778 ⁰·
225 4753 300 4803 linea
310 4754 343 4803 ait
359 4753 452 4802 sabim
469 4751 688 4816 oonsanguiuitatis
710 4755 713 4785 ²

1076 4851 1101 4898 11
