<?xml version="1.0" encoding="UTF-8"?>
<!DOCTYPE html PUBLIC "-//W3C//DTD XHTML 1.0 Transitional//EN"
    "http://www.w3.org/TR/xhtml1/DTD/xhtml1-transitional.dtd">
<html xmlns="http://www.w3.org/1999/xhtml" xml:lang="en" lang="en">
 <head>
  <title>
</title>
<meta http-equiv="Content-Type" content="text/html;charset=utf-8" />
  <meta name='ocr-system' content='tesseract 3.04.00' />
  <meta name='ocr-capabilities' content='ocr_page ocr_carea ocr_par ocr_line ocrx_word'/>
</head>
<body>
  <div class='ocr_page' id='page_1' title='image "./chroniconabbati00marlgoog_0354.png"; bbox 0 0 3270 5656; ppageno 0'>
   <div class='ocr_carea' id='block_1_1' title="bbox 380 753 1217 868">
    <p class='ocr_par' dir='ltr' id='par_1_1' title="bbox 380 753 1217 868">
     <span class='ocr_line' id='line_1_1' title="bbox 380 753 1217 868; baseline -0.004 -25"><span class='ocrx_word' id='word_1_1' title='bbox 380 753 582 868; x_wconf 73' lang='lat' dir='ltr'><strong>cunourccu</strong></span> <span class='ocrx_word' id='word_1_2' title='bbox 606 793 764 841; x_wconf 70' lang='lat' dir='ltr'><strong>senium</strong></span> <span class='ocrx_word' id='word_1_3' title='bbox 787 794 833 840; x_wconf 86' lang='lat' dir='ltr'><strong>nn</strong></span> <span class='ocrx_word' id='word_1_4' title='bbox 856 793 1024 841; x_wconf 70' lang='lat' dir='ltr'><strong>nvneesu</strong></span> <span class='ocrx_word' id='word_1_5' title='bbox 1154 778 1217 840; x_wconf 78' lang='lat'><strong>289</strong></span> 
     </span>
    </p>
   </div>
   <div class='ocr_carea' id='block_1_2' title="bbox 169 976 1370 2706">
    <p class='ocr_par' dir='ltr' id='par_1_2' title="bbox 169 976 1370 2706">
     <span class='ocr_line' id='line_1_2' title="bbox 170 976 1219 1046; baseline -0.005 0"><span class='ocrx_word' id='word_1_6' title='bbox 170 980 291 1046; x_wconf 84' lang='lat' dir='ltr'><strong>solidos</strong></span> <span class='ocrx_word' id='word_1_7' title='bbox 313 985 443 1046; x_wconf 77' lang='lat' dir='ltr'><strong>et‘octo</strong></span> <span class='ocrx_word' id='word_1_8' title='bbox 466 980 624 1045; x_wconf 87' lang='lat' dir='ltr'><strong>denarios.</strong></span> <span class='ocrx_word' id='word_1_9' title='bbox 672 979 759 1044; x_wconf 86' lang='lat' dir='ltr'><strong>Item</strong></span> <span class='ocrx_word' id='word_1_10' title='bbox 782 978 823 1043; x_wconf 90' lang='lat' dir='ltr'><strong>de</strong></span> <span class='ocrx_word' id='word_1_11' title='bbox 846 978 984 1043; x_wconf 84' lang='lat' dir='ltr'><strong>diversis</strong></span> <span class='ocrx_word' id='word_1_12' title='bbox 1017 978 1090 1042; x_wconf 88' lang='lat' dir='ltr'><strong>aliis</strong></span> <span class='ocrx_word' id='word_1_13' title='bbox 1111 976 1219 1043; x_wconf 90' lang='lat' dir='ltr'><strong>reddi-</strong></span> 
     </span>
     <span class='ocr_line' id='line_1_3' title="bbox 170 1080 1221 1169; baseline -0.004 -21"><span class='ocrx_word' id='word_1_14' title='bbox 170 1084 269 1159; x_wconf 78' lang='lat' dir='ltr'><strong>tibus,</strong></span> <span class='ocrx_word' id='word_1_15' title='bbox 293 1090 333 1148; x_wconf 91' lang='lat' dir='ltr'><strong>ut</strong></span> <span class='ocrx_word' id='word_1_16' title='bbox 356 1089 449 1169; x_wconf 88' lang='lat' dir='ltr'><strong>patet</strong></span> <span class='ocrx_word' id='word_1_17' title='bbox 472 1105 529 1169; x_wconf 92' lang='lat' dir='ltr'><strong>per</strong></span> <span class='ocrx_word' id='word_1_18' title='bbox 551 1083 677 1147; x_wconf 88' lang='lat' dir='ltr'><strong>rentale</strong></span> <span class='ocrx_word' id='word_1_19' title='bbox 698 1081 956 1167; x_wconf 79' lang='lat' dir='ltr'><strong>eleemosynarii,</strong></span> <span class='ocrx_word' id='word_1_20' title='bbox 980 1080 1221 1166; x_wconf 76' lang='lat' dir='ltr'><strong>quinquaginta</strong></span> 
     </span>
     <span class='ocr_line' id='line_1_4' title="bbox 170 1183 1221 1272; baseline -0.005 -21"><span class='ocrx_word' id='word_1_21' title='bbox 170 1186 289 1251; x_wconf 85' lang='lat' dir='ltr'><strong>solidos</strong></span> <span class='ocrx_word' id='word_1_22' title='bbox 322 1184 522 1272; x_wconf 76' lang='lat' dir='ltr'><strong>pauperibus</strong></span> <span class='ocrx_word' id='word_1_23' title='bbox 556 1185 744 1271; x_wconf 84' lang='lat' dir='ltr'><strong>erogandos.</strong></span> <span class='ocrx_word' id='word_1_24' title='bbox 792 1184 902 1250; x_wconf 87' lang='lat' dir='ltr'><strong>Multa</strong></span> <span class='ocrx_word' id='word_1_25' title='bbox 934 1190 969 1249; x_wconf 88' lang='lat' dir='ltr'><strong>et</strong></span> <span class='ocrx_word' id='word_1_26' title='bbox 999 1183 1065 1247; x_wconf 87' lang='lat' dir='ltr'><strong>alia</strong></span> <span class='ocrx_word' id='word_1_27' title='bbox 1087 1184 1221 1248; x_wconf 86' lang='lat' dir='ltr'><strong>fuerunt</strong></span> 
     </span>
     <span class='ocr_line' id='line_1_5' title="bbox 170 1284 1221 1379; baseline -0.003 -27"><span class='ocrx_word' id='word_1_28' title='bbox 170 1288 240 1373; x_wconf 85' lang='lat' dir='ltr'><strong>ejus</strong></span> <span class='ocrx_word' id='word_1_29' title='bbox 263 1289 477 1374; x_wconf 65' lang='lat' dir='ltr'><strong>operatione,</strong></span> <span class='ocrx_word' id='word_1_30' title='bbox 502 1310 575 1379; x_wconf 57' lang='lat' dir='ltr'><strong>qua}</strong></span> <span class='ocrx_word' id='word_1_31' title='bbox 600 1287 671 1351; x_wconf 90' lang='lat' dir='ltr'><strong>Deo</strong></span> <span class='ocrx_word' id='word_1_32' title='bbox 694 1286 756 1350; x_wconf 87' lang='lat' dir='ltr'><strong>soli</strong></span> <span class='ocrx_word' id='word_1_33' title='bbox 778 1287 861 1350; x_wconf 88' lang='lat' dir='ltr'><strong>bene</strong></span> <span class='ocrx_word' id='word_1_34' title='bbox 884 1286 1017 1372; x_wconf 84' lang='lat' dir='ltr'><strong>cognita</strong></span> <span class='ocrx_word' id='word_1_35' title='bbox 1039 1291 1142 1362; x_wconf 89' lang='lat' dir='ltr'><strong>sunt;</strong></span> <span class='ocrx_word' id='word_1_36' title='bbox 1164 1284 1221 1350; x_wconf 85' lang='lat' dir='ltr'><strong>sed</strong></span> 
     </span>
     <span class='ocr_line' id='line_1_6' title="bbox 169 1388 1222 1474; baseline -0.003 -19"><span class='ocrx_word' id='word_1_37' title='bbox 169 1389 238 1455; x_wconf 82' lang='lat' dir='ltr'><strong>haec</strong></span> <span class='ocrx_word' id='word_1_38' title='bbox 270 1390 314 1453; x_wconf 91' lang='lat' dir='ltr'><strong>ad</strong></span> <span class='ocrx_word' id='word_1_39' title='bbox 345 1411 565 1454; x_wconf 86' lang='lat' dir='ltr'><strong>successorum</strong></span> <span class='ocrx_word' id='word_1_40' title='bbox 603 1411 737 1454; x_wconf 88' lang='lat' dir='ltr'><strong>suorum</strong></span> <span class='ocrx_word' id='word_1_41' title='bbox 771 1388 971 1474; x_wconf 84' lang='lat' dir='ltr'><strong>exemplaria</strong></span> <span class='ocrx_word' id='word_1_42' title='bbox 1004 1389 1046 1453; x_wconf 83' lang='lat' dir='ltr'><strong>ad</strong></span> <span class='ocrx_word' id='word_1_43' title='bbox 1080 1409 1222 1474; x_wconf 87' lang='lat' dir='ltr'><strong>praesens</strong></span> 
     </span>
     <span class='ocr_line' id='line_1_7' title="bbox 169 1491 1218 1578; baseline 0.001 -23"><span class='ocrx_word' id='word_1_44' title='bbox 169 1492 347 1558; x_wconf 89' lang='lat' dir='ltr'><strong>sufficiunt.</strong></span> <span class='ocrx_word' id='word_1_45' title='bbox 394 1493 492 1557; x_wconf 86' lang='lat' dir='ltr'><strong>Vixit</strong></span> <span class='ocrx_word' id='word_1_46' title='bbox 525 1492 614 1557; x_wconf 89' lang='lat' dir='ltr'><strong>enim</strong></span> <span class='ocrx_word' id='word_1_47' title='bbox 650 1497 725 1578; x_wconf 87' lang='lat' dir='ltr'><strong>post</strong></span> <span class='ocrx_word' id='word_1_48' title='bbox 747 1492 941 1557; x_wconf 71' lang='lat' dir='ltr'><strong>electionem</strong></span> <span class='ocrx_word' id='word_1_49' title='bbox 975 1491 1015 1556; x_wconf 88' lang='lat' dir='ltr'><strong>de</strong></span> <span class='ocrx_word' id='word_1_50' title='bbox 1043 1514 1077 1556; x_wconf 86' lang='lat' dir='ltr'><strong>se</strong></span> <span class='ocrx_word' id='word_1_51' title='bbox 1099 1492 1218 1556; x_wconf 84' lang='lat' dir='ltr'><strong>factam</strong></span> 
     </span>
     <span class='ocr_line' id='line_1_8' title="bbox 170 1592 1370 1680; baseline -0.001 -22"><span class='ocrx_word' id='word_1_52' title='bbox 170 1594 235 1659; x_wconf 84' lang='lat' dir='ltr'><strong>fere</strong></span> <span class='ocrx_word' id='word_1_53' title='bbox 251 1595 392 1680; x_wconf 85' lang='lat' dir='ltr'><strong>triginta</strong></span> <span class='ocrx_word' id='word_1_54' title='bbox 407 1600 550 1680; x_wconf 89' lang='lat' dir='ltr'><strong>quatuor</strong></span> <span class='ocrx_word' id='word_1_55' title='bbox 566 1592 682 1658; x_wconf 81' lang='lat' dir='ltr'><strong>annia¹</strong></span> <span class='ocrx_word' id='word_1_56' title='bbox 723 1593 869 1658; x_wconf 84' lang='lat' dir='ltr'><strong>Tandem</strong></span> <span class='ocrx_word' id='word_1_57' title='bbox 893 1595 928 1657; x_wconf 94' lang='lat' dir='ltr'><strong>in</strong></span> <span class='ocrx_word' id='word_1_58' title='bbox 951 1599 1119 1660; x_wconf 71' lang='lat' dir='ltr'><strong>senectute</strong></span> <span class='ocrx_word' id='word_1_59' title='bbox 1135 1596 1222 1658; x_wconf 89' lang='lat' dir='ltr'><strong>bona</strong></span> <span class='ocrx_word' id='word_1_60' title='bbox 1234 1607 1283 1656; x_wconf 78' lang='lat' dir='ltr'><strong>His</strong></span> <span class='ocrx_word' id='word_1_61' title='bbox 1294 1607 1370 1657; x_wconf 77' lang='lat' dir='ltr'><strong>death</strong></span> 
     </span>
     <span class='ocr_line' id='line_1_9' title="bbox 170 1675 1360 1792; baseline 0 -32"><span class='ocrx_word' id='word_1_62' title='bbox 170 1696 308 1762; x_wconf 83' lang='lat' dir='ltr'><strong>feliciter</strong></span> <span class='ocrx_word' id='word_1_63' title='bbox 346 1699 381 1761; x_wconf 90' lang='lat' dir='ltr'><strong>in</strong></span> <span class='ocrx_word' id='word_1_64' title='bbox 417 1697 549 1762; x_wconf 84' lang='lat' dir='ltr'><strong>Christo</strong></span> <span class='ocrx_word' id='word_1_65' title='bbox 588 1696 747 1761; x_wconf 88' lang='lat' dir='ltr'><strong>dormivit</strong></span> <span class='ocrx_word' id='word_1_66' title='bbox 784 1696 1029 1781; x_wconf 89' lang='lat' dir='ltr'><strong>quintodecimo</strong></span> <span class='ocrx_word' id='word_1_67' title='bbox 1061 1696 1221 1761; x_wconf 77' lang='lat' dir='ltr'><strong>kalendas</strong></span> <span class='ocrx_word' id='word_1_68' title='bbox 1236 1675 1360 1792; x_wconf 35' lang='lat' dir='ltr'><strong>{gfff</strong></span> 
     </span>
     <span class='ocr_line' id='line_1_10' title="bbox 171 1798 1221 1887; baseline 0 -23"><span class='ocrx_word' id='word_1_69' title='bbox 171 1799 381 1887; x_wconf 72' lang='lat' dir='ltr'><strong>Septembris</strong></span> <span class='ocrx_word' id='word_1_70' title='bbox 404 1822 491 1864; x_wconf 88' lang='lat' dir='ltr'><strong>anno</strong></span> <span class='ocrx_word' id='word_1_71' title='bbox 514 1799 650 1863; x_wconf 92' lang='lat' dir='ltr'><strong>Domini</strong></span> <span class='ocrx_word' id='word_1_72' title='bbox 674 1799 847 1863; x_wconf 84' lang='lat' dir='ltr'><strong>millesimo</strong></span> <span class='ocrx_word' id='word_1_73' title='bbox 869 1798 1091 1864; x_wconf 87' lang='lat' dir='ltr'><strong>tricentesimo</strong></span> <span class='ocrx_word' id='word_1_74' title='bbox 1113 1805 1221 1864; x_wconf 87' lang='lat' dir='ltr'><strong>sexto-</strong></span> 
     </span>
     <span class='ocr_line' id='line_1_11' title="bbox 172 1894 1220 1987; baseline -0.001 -21"><span class='ocrx_word' id='word_1_75' title='bbox 172 1903 304 1981; x_wconf 88' lang='lat' dir='ltr'><strong>decimo,</strong></span> <span class='ocrx_word' id='word_1_76' title='bbox 321 1908 355 1966; x_wconf 89' lang='lat' dir='ltr'><strong>et</strong></span> <span class='ocrx_word' id='word_1_77' title='bbox 373 1904 475 1987; x_wconf 81' lang='lat' dir='ltr'><strong>juxta</strong></span> <span class='ocrx_word' id='word_1_78' title='bbox 489 1902 615 1967; x_wconf 86' lang='lat' dir='ltr'><strong>fontem</strong></span> <span class='ocrx_word' id='word_1_79' title='bbox 631 1901 666 1964; x_wconf 92' lang='lat' dir='ltr'><strong>in</strong></span> <span class='ocrx_word' id='word_1_80' title='bbox 681 1901 761 1966; x_wconf 86' lang='lat' dir='ltr'><strong>navi</strong></span> <span class='ocrx_word' id='word_1_81' title='bbox 781 1900 922 1966; x_wconf 85' lang='lat' dir='ltr'><strong>ecclesiae</strong></span> <span class='ocrx_word' id='word_1_82' title='bbox 937 1894 1060 1966; x_wconf 86' lang='lat' dir='ltr'><strong>honore</strong></span> <span class='ocrx_word' id='word_1_83' title='bbox 1075 1902 1220 1965; x_wconf 81' lang='lat' dir='ltr'><strong>maximo</strong></span> 
     </span>
     <span class='ocr_line' id='line_1_12' title="bbox 171 2003 1220 2089; baseline 0.001 -21"><span class='ocrx_word' id='word_1_84' title='bbox 171 2004 318 2089; x_wconf 86' lang='lat' dir='ltr'><strong>sepultus</strong></span> <span class='ocrx_word' id='word_1_85' title='bbox 341 2010 399 2068; x_wconf 78' lang='lat' dir='ltr'><strong>est.</strong></span> <span class='ocrx_word' id='word_1_86' title='bbox 446 2005 510 2068; x_wconf 88' lang='lat' dir='ltr'><strong>Pro</strong></span> <span class='ocrx_word' id='word_1_87' title='bbox 542 2003 633 2087; x_wconf 87' lang='lat' dir='ltr'><strong>cujus</strong></span> <span class='ocrx_word' id='word_1_88' title='bbox 667 2004 778 2067; x_wconf 86' lang='lat' dir='ltr'><strong>anima</strong></span> <span class='ocrx_word' id='word_1_89' title='bbox 812 2003 1071 2089; x_wconf 86' lang='lat' dir='ltr'><strong>quibuscumque</strong></span> <span class='ocrx_word' id='word_1_90' title='bbox 1102 2003 1220 2069; x_wconf 88' lang='lat' dir='ltr'><strong>devote</strong></span> 
     </span>
     <span class='ocr_line' id='line_1_13' title="bbox 174 2105 1220 2192; baseline 0.001 -23"><span class='ocrx_word' id='word_1_91' title='bbox 174 2106 365 2171; x_wconf 86' lang='lat' dir='ltr'><strong>Orationem</strong></span> <span class='ocrx_word' id='word_1_92' title='bbox 382 2105 589 2170; x_wconf 86' lang='lat' dir='ltr'><strong>Dominicam</strong></span> <span class='ocrx_word' id='word_1_93' title='bbox 613 2128 687 2169; x_wconf 92' lang='lat' dir='ltr'><strong>cum</strong></span> <span class='ocrx_word' id='word_1_94' title='bbox 712 2105 920 2172; x_wconf 84' lang='lat' dir='ltr'><strong>Salutatione</strong></span> <span class='ocrx_word' id='word_1_95' title='bbox 943 2107 1091 2192; x_wconf 86' lang='lat' dir='ltr'><strong>angelica</strong></span> <span class='ocrx_word' id='word_1_96' title='bbox 1112 2107 1220 2171; x_wconf 89' lang='lat' dir='ltr'><strong>dicon-</strong></span> 
     </span>
     <span class='ocr_line' id='line_1_14' title="bbox 172 2208 1222 2294; baseline 0 -22"><span class='ocrx_word' id='word_1_97' title='bbox 172 2208 268 2285; x_wconf 89' lang='lat' dir='ltr'><strong>tibus,</strong></span> <span class='ocrx_word' id='word_1_98' title='bbox 294 2210 417 2273; x_wconf 84' lang='lat' dir='ltr'><strong>totiens</strong></span> <span class='ocrx_word' id='word_1_99' title='bbox 449 2210 600 2293; x_wconf 83' lang='lat' dir='ltr'><strong>quotiens</strong></span> <span class='ocrx_word' id='word_1_100' title='bbox 633 2208 724 2273; x_wconf 87' lang='lat' dir='ltr'><strong>mille</strong></span> <span class='ocrx_word' id='word_1_101' title='bbox 756 2208 827 2272; x_wconf 88' lang='lat' dir='ltr'><strong>dies</strong></span> <span class='ocrx_word' id='word_1_102' title='bbox 861 2208 1077 2294; x_wconf 69' lang='lat' dir='ltr'><strong>indulgentiae</strong></span> <span class='ocrx_word' id='word_1_103' title='bbox 1111 2230 1222 2274; x_wconf 89' lang='lat' dir='ltr'><strong>concc-</strong></span> 
     </span>
     <span class='ocr_line' id='line_1_15' title="bbox 174 2309 305 2375; baseline 0 -2"><span class='ocrx_word' id='word_1_104' title='bbox 174 2309 305 2375; x_wconf 88' lang='lat' dir='ltr'><strong>duntur.</strong></span> 
     </span>
     <span class='ocr_line' id='line_1_16' title="bbox 216 2416 900 2502; baseline -0.003 -20"><span class='ocrx_word' id='word_1_105' title='bbox 216 2416 316 2482; x_wconf 89' lang='lat' dir='ltr'><strong>Unde</strong></span> <span class='ocrx_word' id='word_1_106' title='bbox 340 2416 472 2502; x_wconf 88' lang='lat' dir='ltr'><strong>quidem</strong></span> <span class='ocrx_word' id='word_1_107' title='bbox 496 2417 651 2482; x_wconf 83' lang='lat' dir='ltr'><strong>metricus</strong></span> <span class='ocrx_word' id='word_1_108' title='bbox 673 2416 714 2480; x_wconf 88' lang='lat' dir='ltr'><strong>de</strong></span> <span class='ocrx_word' id='word_1_109' title='bbox 737 2438 775 2481; x_wconf 89' lang='lat' dir='ltr'><strong>eo</strong></span> <span class='ocrx_word' id='word_1_110' title='bbox 798 2416 900 2481; x_wconf 86' lang='lat' dir='ltr'><strong>dicit:</strong></span> 
     </span>
     <span class='ocr_line' id='line_1_17' title="bbox 261 2517 1008 2605; baseline 0.003 -24"><span class='ocrx_word' id='word_1_111' title='bbox 261 2518 431 2605; x_wconf 83' lang='lat' dir='ltr'><strong>Perpetuis</strong></span> <span class='ocrx_word' id='word_1_112' title='bbox 453 2520 549 2583; x_wconf 86' lang='lat' dir='ltr'><strong>annis</strong></span> <span class='ocrx_word' id='word_1_113' title='bbox 570 2519 724 2583; x_wconf 88' lang='lat' dir='ltr'><strong>laudetur</strong></span> <span class='ocrx_word' id='word_1_114' title='bbox 746 2519 818 2582; x_wconf 88' lang='lat' dir='ltr'><strong>vita</strong></span> <span class='ocrx_word' id='word_1_115' title='bbox 840 2518 863 2581; x_wconf 88' lang='lat' dir='ltr'><strong>J</strong></span> <span class='ocrx_word' id='word_1_116' title='bbox 865 2517 1008 2597; x_wconf 69' lang='lat' dir='ltr'><strong>ohannis</strong></span> 
     </span>
     <span class='ocr_line' id='line_1_18' title="bbox 260 2619 1158 2706; baseline 0.003 -22"><span class='ocrx_word' id='word_1_117' title='bbox 260 2620 327 2700; x_wconf 80' lang='lat' dir='ltr'><strong>Qui</strong></span> <span class='ocrx_word' id='word_1_118' title='bbox 350 2622 462 2685; x_wconf 91' lang='lat' dir='ltr'><strong>domui</strong></span> <span class='ocrx_word' id='word_1_119' title='bbox 486 2620 610 2685; x_wconf 83' lang='lat' dir='ltr'><strong>Christi</strong></span> <span class='ocrx_word' id='word_1_120' title='bbox 641 2619 728 2685; x_wconf 87' lang='lat' dir='ltr'><strong>bona</strong></span> <span class='ocrx_word' id='word_1_121' title='bbox 751 2620 892 2706; x_wconf 87' lang='lat' dir='ltr'><strong>plurima</strong></span> <span class='ocrx_word' id='word_1_122' title='bbox 914 2621 1055 2686; x_wconf 90' lang='lat' dir='ltr'><strong>contulit</strong></span> <span class='ocrx_word' id='word_1_123' title='bbox 1078 2621 1158 2687; x_wconf 65' lang='lat' dir='ltr'><strong>isti?</strong></span> 
     </span>
    </p>
   </div>
   <div class='ocr_carea' id='block_1_3' title="bbox 175 2915 1225 3086">
    <p class='ocr_par' dir='ltr' id='par_1_3' title="bbox 175 2915 1225 3086">
     <span class='ocr_line' id='line_1_19' title="bbox 175 2915 1225 3013; baseline -0.001 -33"><span class='ocrx_word' id='word_1_124' title='bbox 175 2916 222 2982; x_wconf 85' lang='lat' dir='ltr'><strong>De</strong></span> <span class='ocrx_word' id='word_1_125' title='bbox 241 2917 340 2983; x_wconf 80' lang='lat' dir='ltr'><strong>ualde</strong></span> <span class='ocrx_word' id='word_1_126' title='bbox 357 2919 452 2984; x_wconf 75' lang='lat' dir='ltr'><strong>tonis</strong></span> <span class='ocrx_word' id='word_1_127' title='bbox 468 2917 627 3013; x_wconf 78' lang='lat' dir='ltr'><strong>operibus</strong></span> <span class='ocrx_word' id='word_1_128' title='bbox 645 2917 785 2983; x_wconf 70' lang='lat' dir='ltr'><strong>destini</strong></span> <span class='ocrx_word' id='word_1_129' title='bbox 807 2916 969 2983; x_wconf 80' lang='lat' dir='ltr'><strong>Wittelmi</strong></span> <span class='ocrx_word' id='word_1_130' title='bbox 992 2916 1032 2982; x_wconf 76' lang='lat' dir='ltr'><strong>de</strong></span> <span class='ocrx_word' id='word_1_131' title='bbox 1049 2915 1225 2982; x_wconf 66' lang='lat' dir='ltr'><strong>clauum</strong></span> 
     </span>
     <span class='ocr_line' id='line_1_20' title="bbox 515 3019 883 3086; baseline 0.005 -4"><span class='ocrx_word' id='word_1_132' title='bbox 515 3021 643 3086; x_wconf 71' lang='lat' dir='ltr'><strong>atomis</strong></span> <span class='ocrx_word' id='word_1_133' title='bbox 666 3019 772 3086; x_wconf 67' lang='lat' dir='ltr'><strong>‘istius</strong></span> <span class='ocrx_word' id='word_1_134' title='bbox 795 3019 883 3085; x_wconf 81' lang='lat' dir='ltr'><strong>locis.</strong></span> 
     </span>
    </p>
   </div>
   <div class='ocr_carea' id='block_1_4' title="bbox 173 3158 1393 4270">
    <p class='ocr_par' dir='ltr' id='par_1_4' title="bbox 173 3158 1393 4270">
     <span class='ocr_line' id='line_1_21' title="bbox 218 3158 1393 3245; baseline 0.002 -23"><span class='ocrx_word' id='word_1_135' title='bbox 218 3158 297 3224; x_wconf 87' lang='lat' dir='ltr'><strong>Post</strong></span> <span class='ocrx_word' id='word_1_136' title='bbox 321 3182 416 3245; x_wconf 89' lang='lat' dir='ltr'><strong>quem</strong></span> <span class='ocrx_word' id='word_1_137' title='bbox 441 3160 561 3224; x_wconf 87' lang='lat' dir='ltr'><strong>electus</strong></span> <span class='ocrx_word' id='word_1_138' title='bbox 596 3167 646 3224; x_wconf 90' lang='lat' dir='ltr'><strong>est</strong></span> <span class='ocrx_word' id='word_1_139' title='bbox 677 3161 713 3222; x_wconf 90' lang='lat' dir='ltr'><strong>in</strong></span> <span class='ocrx_word' id='word_1_140' title='bbox 748 3159 902 3224; x_wconf 88' lang='lat' dir='ltr'><strong>abbatem</strong></span> <span class='ocrx_word' id='word_1_141' title='bbox 935 3160 1036 3224; x_wconf 89' lang='lat' dir='ltr'><strong>tertio</strong></span> <span class='ocrx_word' id='word_1_142' title='bbox 1068 3159 1225 3225; x_wconf 86' lang='lat' dir='ltr'><strong>kalendae</strong></span> <span class='ocrx_word' id='word_1_143' title='bbox 1240 3173 1352 3223; x_wconf 76' lang='lat' dir='ltr'><strong>william</strong></span> <span class='ocrx_word' id='word_1_144' title='bbox 1363 3176 1393 3224; x_wconf 83' lang='lat' dir='ltr'><strong>de</strong></span> 
     </span>
     <span class='ocr_line' id='line_1_22' title="bbox 176 3239 1354 3356; baseline 0.001 -32"><span class='ocrx_word' id='word_1_145' title='bbox 176 3259 377 3348; x_wconf 81' lang='lat' dir='ltr'><strong>Septembris</strong></span> <span class='ocrx_word' id='word_1_146' title='bbox 408 3263 594 3326; x_wconf 78' lang='lat' dir='ltr'><strong>Willclmus</strong></span> <span class='ocrx_word' id='word_1_147' title='bbox 626 3263 665 3326; x_wconf 93' lang='lat' dir='ltr'><strong>de</strong></span> <span class='ocrx_word' id='word_1_148' title='bbox 705 3261 875 3326; x_wconf 82' lang='lat' dir='ltr'><strong>Chiritone</strong></span> <span class='ocrx_word' id='word_1_149' title='bbox 913 3261 1092 3325; x_wconf 89' lang='lat' dir='ltr'><strong>monachus</strong></span> <span class='ocrx_word' id='word_1_150' title='bbox 1130 3262 1225 3326; x_wconf 86' lang='lat' dir='ltr'><strong>istius</strong></span> <span class='ocrx_word' id='word_1_151' title='bbox 1238 3239 1354 3356; x_wconf 56' lang='lat' dir='ltr'><strong>gffi&#39;n</strong></span> 
     </span>
     <span class='ocr_line' id='line_1_23' title="bbox 175 3363 1351 3450; baseline 0.002 -24"><span class='ocrx_word' id='word_1_152' title='bbox 175 3363 297 3439; x_wconf 86' lang='lat' dir='ltr'><strong>domus,</strong></span> <span class='ocrx_word' id='word_1_153' title='bbox 322 3365 377 3448; x_wconf 89' lang='lat' dir='ltr'><strong>qui</strong></span> <span class='ocrx_word' id='word_1_154' title='bbox 411 3388 430 3427; x_wconf 89' lang='lat' dir='ltr'><strong>a</strong></span> <span class='ocrx_word' id='word_1_155' title='bbox 462 3366 594 3428; x_wconf 89' lang='lat' dir='ltr'><strong>domino</strong></span> <span class='ocrx_word' id='word_1_156' title='bbox 618 3387 703 3450; x_wconf 84' lang='lat' dir='ltr'><strong>papa</strong></span> <span class='ocrx_word' id='word_1_157' title='bbox 733 3364 885 3427; x_wconf 83' lang='lat' dir='ltr'><strong>Johanne</strong></span> <span class='ocrx_word' id='word_1_158' title='bbox 908 3363 1061 3426; x_wconf 84' lang='lat' dir='ltr'><strong>vicesimo</strong></span> <span class='ocrx_word' id='word_1_159' title='bbox 1084 3364 1225 3428; x_wconf 86' lang='lat' dir='ltr'><strong>secundo</strong></span> <span class='ocrx_word' id='word_1_160' title='bbox 1238 3378 1271 3420; x_wconf 85' lang='lat'><strong>30</strong></span> <span class='ocrx_word' id='word_1_161' title='bbox 1283 3375 1351 3438; x_wconf 81' lang='lat' dir='ltr'><strong>Aug.</strong></span> 
     </span>
     <span class='ocr_line' id='line_1_24' title="bbox 174 3445 1392 3556; baseline 0.001 -28"><span class='ocrx_word' id='word_1_162' title='bbox 174 3465 336 3529; x_wconf 84' lang='lat' dir='ltr'><strong>dominica</strong></span> <span class='ocrx_word' id='word_1_163' title='bbox 367 3467 586 3552; x_wconf 76' lang='lat' dir='ltr'><strong>Sexagesimae</strong></span> <span class='ocrx_word' id='word_1_164' title='bbox 610 3466 787 3529; x_wconf 83' lang='lat' dir='ltr'><strong>Aviuoniae</strong></span> <span class='ocrx_word' id='word_1_165' title='bbox 811 3466 1029 3530; x_wconf 88' lang='lat' dir='ltr'><strong>confirmatur.</strong></span> <span class='ocrx_word' id='word_1_166' title='bbox 1077 3465 1144 3545; x_wconf 80' lang='lat' dir='ltr'><strong>Qui</strong></span> <span class='ocrx_word' id='word_1_167' title='bbox 1159 3467 1224 3553; x_wconf 90' lang='lat' dir='ltr'><strong>pri·</strong></span> <span class='ocrx_word' id='word_1_168' title='bbox 1241 3445 1392 3556; x_wconf 51' lang='lat' dir='ltr'><strong>&#39;fflifissn&#39;</strong></span> 
     </span>
     <span class='ocr_line' id='line_1_25' title="bbox 175 3567 1367 3654; baseline 0.001 -23"><span class='ocrx_word' id='word_1_169' title='bbox 175 3589 226 3631; x_wconf 94' lang='lat' dir='ltr'><strong>mo</strong></span> <span class='ocrx_word' id='word_1_170' title='bbox 259 3569 436 3654; x_wconf 75' lang='lat' dir='ltr'><strong>acquisivit</strong></span> <span class='ocrx_word' id='word_1_171' title='bbox 469 3570 612 3634; x_wconf 70' lang='lat' dir='ltr'><strong>ecclesiae</strong></span> <span class='ocrx_word' id='word_1_172' title='bbox 640 3569 717 3632; x_wconf 90' lang='lat' dir='ltr'><strong>huic</strong></span> <span class='ocrx_word' id='word_1_173' title='bbox 751 3568 934 3632; x_wconf 88' lang='lat' dir='ltr'><strong>manerium</strong></span> <span class='ocrx_word' id='word_1_174' title='bbox 959 3567 999 3632; x_wconf 91' lang='lat' dir='ltr'><strong>de</strong></span> <span class='ocrx_word' id='word_1_175' title='bbox 1023 3568 1367 3653; x_wconf 63' lang='lat' dir='ltr'><strong>Tatlyntoneonrnoa</strong></span> 
     </span>
     <span class='ocr_line' id='line_1_26' title="bbox 175 3640 1325 3757; baseline 0.002 -24"><span class='ocrx_word' id='word_1_176' title='bbox 175 3691 248 3734; x_wconf 86' lang='lat' dir='ltr'><strong>cum</strong></span> <span class='ocrx_word' id='word_1_177' title='bbox 272 3672 340 3734; x_wconf 82' lang='lat' dir='ltr'><strong>suis</strong></span> <span class='ocrx_word' id='word_1_178' title='bbox 363 3673 573 3757; x_wconf 80' lang='lat' dir='ltr'><strong>pertinentiis</strong></span> <span class='ocrx_word' id='word_1_179' title='bbox 598 3672 638 3736; x_wconf 90' lang='lat' dir='ltr'><strong>de</strong></span> <span class='ocrx_word' id='word_1_180' title='bbox 664 3672 796 3735; x_wconf 90' lang='lat' dir='ltr'><strong>domino</strong></span> <span class='ocrx_word' id='word_1_181' title='bbox 821 3671 967 3736; x_wconf 82' lang='lat' dir='ltr'><strong>Waltcro</strong></span> <span class='ocrx_word' id='word_1_182' title='bbox 979 3671 1020 3735; x_wconf 91' lang='lat' dir='ltr'><strong>de</strong></span> <span class='ocrx_word' id='word_1_183' title='bbox 1045 3640 1325 3756; x_wconf 51' lang='grc' dir='ltr'><strong>ΟΙοιιοεῖυτῗηῙιξδ</strong></span> 
     </span>
     <span class='ocr_line' id='line_1_27' title="bbox 175 3772 1344 3860; baseline 0.003 -26"><span class='ocrx_word' id='word_1_184' title='bbox 175 3772 288 3851; x_wconf 89' lang='lat' dir='ltr'><strong>milite,</strong></span> <span class='ocrx_word' id='word_1_185' title='bbox 314 3779 347 3837; x_wconf 90' lang='lat' dir='ltr'><strong>et</strong></span> <span class='ocrx_word' id='word_1_186' title='bbox 371 3780 478 3837; x_wconf 85' lang='lat' dir='ltr'><strong>totam</strong></span> <span class='ocrx_word' id='word_1_187' title='bbox 508 3780 630 3837; x_wconf 85' lang='lat' dir='ltr'><strong>terram</strong></span> <span class='ocrx_word' id='word_1_188' title='bbox 654 3773 826 3837; x_wconf 90' lang='lat' dir='ltr'><strong>Willielmi</strong></span> <span class='ocrx_word' id='word_1_189' title='bbox 850 3774 891 3838; x_wconf 90' lang='lat' dir='ltr'><strong>de</strong></span> <span class='ocrx_word' id='word_1_190' title='bbox 914 3774 1102 3839; x_wconf 88' lang='lat' dir='ltr'><strong>Wasthulle</strong></span> <span class='ocrx_word' id='word_1_191' title='bbox 1125 3796 1224 3860; x_wconf 87' lang='lat' dir='ltr'><strong>quam</strong></span> <span class='ocrx_word' id='word_1_192' title='bbox 1340 3811 1344 3820; x_wconf 92' lang='lat'><em>·</em></span> 
     </span>
     <span class='ocr_line' id='line_1_28' title="bbox 176 3874 1224 3962; baseline 0.006 -26"><span class='ocrx_word' id='word_1_193' title='bbox 176 3874 291 3938; x_wconf 85' lang='lat' dir='ltr'><strong>habuit</strong></span> <span class='ocrx_word' id='word_1_194' title='bbox 306 3875 342 3939; x_wconf 89' lang='lat' dir='ltr'><strong>in</strong></span> <span class='ocrx_word' id='word_1_195' title='bbox 359 3876 620 3962; x_wconf 85' lang='lat' dir='ltr'><strong>Derlinguscote.</strong></span> <span class='ocrx_word' id='word_1_196' title='bbox 668 3877 754 3941; x_wconf 90' lang='lat' dir='ltr'><strong>Item</strong></span> <span class='ocrx_word' id='word_1_197' title='bbox 770 3876 953 3941; x_wconf 86' lang='lat' dir='ltr'><strong>manerium</strong></span> <span class='ocrx_word' id='word_1_198' title='bbox 971 3876 1011 3941; x_wconf 88' lang='lat' dir='ltr'><strong>de</strong></span> <span class='ocrx_word' id='word_1_199' title='bbox 1036 3876 1224 3962; x_wconf 87' lang='lat' dir='ltr'><strong>Wytheley.</strong></span> 
     </span>
     <span class='ocr_line' id='line_1_29' title="bbox 174 3977 1222 4064; baseline 0.001 -25"><span class='ocrx_word' id='word_1_200' title='bbox 174 3983 207 4040; x_wconf 85' lang='lat' dir='ltr'><strong>st</strong></span> <span class='ocrx_word' id='word_1_201' title='bbox 238 3982 361 4041; x_wconf 87' lang='lat' dir='ltr'><strong>terram</strong></span> <span class='ocrx_word' id='word_1_202' title='bbox 397 4001 470 4064; x_wconf 82' lang='lat' dir='ltr'><strong>quae</strong></span> <span class='ocrx_word' id='word_1_203' title='bbox 505 3979 570 4045; x_wconf 86' lang='lat' dir='ltr'><strong>fuit</strong></span> <span class='ocrx_word' id='word_1_204' title='bbox 594 3979 746 4045; x_wconf 90' lang='lat' dir='ltr'><strong>Nicholai</strong></span> <span class='ocrx_word' id='word_1_205' title='bbox 779 3977 959 4064; x_wconf 85' lang='lat' dir='ltr'><strong>Kyngley⁴</strong></span> <span class='ocrx_word' id='word_1_206' title='bbox 981 3978 1021 4041; x_wconf 87' lang='lat' dir='ltr'><strong>de</strong></span> <span class='ocrx_word' id='word_1_207' title='bbox 1046 3977 1222 4042; x_wconf 87' lang='lat' dir='ltr'><strong>Malculino</strong></span> 
     </span>
     <span class='ocr_line' id='line_1_30' title="bbox 175 4078 1223 4166; baseline 0.004 -25"><span class='ocrx_word' id='word_1_208' title='bbox 175 4078 315 4144; x_wconf 82' lang='lat' dir='ltr'><strong>Musard.</strong></span> <span class='ocrx_word' id='word_1_209' title='bbox 378 4081 464 4145; x_wconf 84' lang='lat' dir='ltr'><strong>Item</strong></span> <span class='ocrx_word' id='word_1_210' title='bbox 497 4104 599 4145; x_wconf 90' lang='lat' dir='ltr'><strong>unum</strong></span> <span class='ocrx_word' id='word_1_211' title='bbox 634 4081 852 4166; x_wconf 77' lang='lat' dir='ltr'><strong>messuagium</strong></span> <span class='ocrx_word' id='word_1_212' title='bbox 876 4086 910 4143; x_wconf 87' lang='lat' dir='ltr'><strong>et</strong></span> <span class='ocrx_word' id='word_1_213' title='bbox 934 4079 1014 4143; x_wconf 83' lang='lat' dir='ltr'><strong>duas</strong></span> <span class='ocrx_word' id='word_1_214' title='bbox 1057 4086 1223 4145; x_wconf 78' lang='lat' dir='ltr'><strong>carucatas</strong></span> 
     </span>
     <span class='ocr_line' id='line_1_31' title="bbox 173 4181 1222 4270; baseline 0 -24"><span class='ocrx_word' id='word_1_215' title='bbox 173 4187 269 4247; x_wconf 67' lang='lat' dir='ltr'><strong>terra</strong></span> <span class='ocrx_word' id='word_1_216' title='bbox 293 4205 366 4246; x_wconf 90' lang='lat' dir='ltr'><strong>cum</strong></span> <span class='ocrx_word' id='word_1_217' title='bbox 404 4185 471 4247; x_wconf 83' lang='lat' dir='ltr'><strong>suis</strong></span> <span class='ocrx_word' id='word_1_218' title='bbox 496 4184 705 4270; x_wconf 89' lang='lat' dir='ltr'><strong>pertinentiis</strong></span> <span class='ocrx_word' id='word_1_219' title='bbox 743 4184 778 4246; x_wconf 90' lang='lat' dir='ltr'><strong>in</strong></span> <span class='ocrx_word' id='word_1_220' title='bbox 817 4182 987 4267; x_wconf 85' lang='lat' dir='ltr'><strong>Baddeeey</strong></span> <span class='ocrx_word' id='word_1_221' title='bbox 1025 4181 1065 4246; x_wconf 89' lang='lat' dir='ltr'><strong>de</strong></span> <span class='ocrx_word' id='word_1_222' title='bbox 1090 4183 1222 4246; x_wconf 90' lang='lat' dir='ltr'><strong>domino</strong></span> 
     </span>
    </p>
   </div>
   <div class='ocr_carea' id='block_1_5' title="bbox 173 4283 1221 4371">
    <p class='ocr_par' dir='ltr' id='par_1_5' title="bbox 173 4283 1221 4371">
     <span class='ocr_line' id='line_1_32' title="bbox 173 4283 1221 4371; baseline -0.001 -24"><span class='ocrx_word' id='word_1_223' title='bbox 173 4283 325 4349; x_wconf 67' lang='lat' dir='ltr'><strong>«Iohanne</strong></span> <span class='ocrx_word' id='word_1_224' title='bbox 349 4286 524 4370; x_wconf 84' lang='lat' dir='ltr'><strong>Wellesley</strong></span> <span class='ocrx_word' id='word_1_225' title='bbox 553 4286 658 4350; x_wconf 89' lang='lat' dir='ltr'><strong>milite</strong></span> <span class='ocrx_word' id='word_1_226' title='bbox 693 4307 767 4371; x_wconf 85' lang='lat' dir='ltr'><strong>quae</strong></span> <span class='ocrx_word' id='word_1_227' title='bbox 790 4283 955 4368; x_wconf 88' lang='lat' dir='ltr'><strong>quondam</strong></span> <span class='ocrx_word' id='word_1_228' title='bbox 981 4283 1116 4348; x_wconf 87' lang='lat' dir='ltr'><strong>fuerunt</strong></span> <span class='ocrx_word' id='word_1_229' title='bbox 1140 4283 1221 4348; x_wconf 90' lang='lat' dir='ltr'><strong>Wil-</strong></span> 
     </span>
    </p>
   </div>
   <div class='ocr_carea' id='block_1_6' title="bbox 172 4528 1226 4834">
    <p class='ocr_par' dir='ltr' id='par_1_6' title="bbox 172 4528 1226 4834">
     <span class='ocr_line' id='line_1_33' title="bbox 205 4528 1221 4596; baseline 0.001 -18"><span class='ocrx_word' id='word_1_230' title='bbox 205 4531 212 4559; x_wconf 90' lang='lat'>¹</span> <span class='ocrx_word' id='word_1_231' title='bbox 226 4529 307 4578; x_wconf 78' lang='lat' dir='ltr'><strong>Melta</strong></span> <span class='ocrx_word' id='word_1_232' title='bbox 321 4540 343 4578; x_wconf 81' lang='lat' dir='ltr'><strong>el</strong></span> <span class='ocrx_word' id='word_1_233' title='bbox 353 4531 403 4580; x_wconf 83' lang='lat' dir='ltr'><strong>aliu</strong></span> <span class='ocrx_word' id='word_1_234' title='bbox 420 4532 542 4596; x_wconf 81' lang='lat' dir='ltr'><strong>..onnic]</strong></span> <span class='ocrx_word' id='word_1_235' title='bbox 574 4532 630 4581; x_wconf 82' lang='lat' dir='ltr'><strong>(lm.</strong></span> <span class='ocrx_word' id='word_1_236' title='bbox 645 4532 670 4579; x_wconf 86' lang='lat' dir='ltr'><strong>in</strong></span> <span class='ocrx_word' id='word_1_237' title='bbox 756 4533 765 4560; x_wconf 78' lang='lat'>³</span> <span class='ocrx_word' id='word_1_238' title='bbox 783 4529 865 4579; x_wconf 85' lang='lat' dir='ltr'><strong>These</strong></span> <span class='ocrx_word' id='word_1_239' title='bbox 876 4528 938 4577; x_wconf 82' lang='lat' dir='ltr'><strong>lines</strong></span> <span class='ocrx_word' id='word_1_240' title='bbox 955 4543 997 4578; x_wconf 77' lang='lat' dir='ltr'><strong>ure</strong></span> <span class='ocrx_word' id='word_1_241' title='bbox 1013 4528 1122 4578; x_wconf 75' lang='lat' dir='ltr'><strong>inserted</strong></span> <span class='ocrx_word' id='word_1_242' title='bbox 1139 4528 1165 4578; x_wconf 87' lang='lat' dir='ltr'><strong>in</strong></span> <span class='ocrx_word' id='word_1_243' title='bbox 1177 4531 1221 4579; x_wconf 77' lang='lat' dir='ltr'><strong>red</strong></span> 
     </span>
     <span class='ocr_line' id='line_1_34' title="bbox 176 4605 1226 4674; baseline 0.003 -19"><span class='ocrx_word' id='word_1_244' title='bbox 176 4605 247 4657; x_wconf 84' lang='lat' dir='ltr'><strong>llsrl.</strong></span> <span class='ocrx_word' id='word_1_245' title='bbox 261 4615 335 4658; x_wconf 82' lang='grc'>3763.</span> <span class='ocrx_word' id='word_1_246' title='bbox 724 4609 768 4658; x_wconf 87' lang='lat' dir='ltr'><strong>ink</strong></span> <span class='ocrx_word' id='word_1_247' title='bbox 779 4611 814 4674; x_wconf 87' lang='lat' dir='ltr'><strong>by</strong></span> <span class='ocrx_word' id='word_1_248' title='bbox 825 4609 868 4658; x_wconf 85' lang='lat' dir='ltr'><strong>the</strong></span> <span class='ocrx_word' id='word_1_249' title='bbox 879 4623 947 4658; x_wconf 80' lang='lat' dir='ltr'><strong>same</strong></span> <span class='ocrx_word' id='word_1_250' title='bbox 963 4608 1031 4658; x_wconf 84' lang='lat' dir='ltr'><strong>hand</strong></span> <span class='ocrx_word' id='word_1_251' title='bbox 1042 4616 1068 4659; x_wconf 79' lang='lat' dir='ltr'><strong>at</strong></span> <span class='ocrx_word' id='word_1_252' title='bbox 1078 4608 1122 4659; x_wconf 83' lang='lat' dir='ltr'><strong>the</strong></span> <span class='ocrx_word' id='word_1_253' title='bbox 1133 4609 1184 4658; x_wconf 84' lang='lat' dir='ltr'><strong>foot</strong></span> <span class='ocrx_word' id='word_1_254' title='bbox 1195 4611 1226 4658; x_wconf 79' lang='lat' dir='ltr'><strong>of</strong></span> 
     </span>
     <span class='ocr_line' id='line_1_35' title="bbox 203 4689 848 4753; baseline 0.002 -16"><span class='ocrx_word' id='word_1_255' title='bbox 203 4690 213 4716; x_wconf 81' lang='lat'>²</span> <span class='ocrx_word' id='word_1_256' title='bbox 233 4693 263 4737; x_wconf 82' lang='lat'><strong>16</strong></span> <span class='ocrx_word' id='word_1_257' title='bbox 272 4689 341 4752; x_wconf 78' lang='lat' dir='ltr'><strong>Aug.</strong></span> <span class='ocrx_word' id='word_1_258' title='bbox 353 4709 360 4746; x_wconf 86' lang='grc'><strong>;</strong></span> <span class='ocrx_word' id='word_1_259' title='bbox 373 4690 463 4738; x_wconf 81' lang='lat' dir='ltr'><strong>Cotton</strong></span> <span class='ocrx_word' id='word_1_260' title='bbox 473 4690 559 4739; x_wconf 81' lang='lat' dir='ltr'><strong>Claud.</strong></span> <span class='ocrx_word' id='word_1_261' title='bbox 567 4689 601 4738; x_wconf 79' lang='lat' dir='ltr'><strong>A.</strong></span> <span class='ocrx_word' id='word_1_262' title='bbox 609 4689 672 4747; x_wconf 77' lang='lat' dir='ltr'><strong>viii,</strong></span> <span class='ocrx_word' id='word_1_263' title='bbox 724 4689 766 4738; x_wconf 85' lang='lat' dir='ltr'><strong>the</strong></span> <span class='ocrx_word' id='word_1_264' title='bbox 778 4704 848 4753; x_wconf 80' lang='lat' dir='ltr'><strong>page.</strong></span> 
     </span>
     <span class='ocr_line' id='line_1_36' title="bbox 172 4766 1204 4834; baseline 0.005 -20"><span class='ocrx_word' id='word_1_265' title='bbox 172 4766 236 4816; x_wconf 85' lang='lat' dir='ltr'><strong>cited</strong></span> <span class='ocrx_word' id='word_1_266' title='bbox 248 4769 274 4817; x_wconf 89' lang='lat' dir='ltr'><strong>in</strong></span> <span class='ocrx_word' id='word_1_267' title='bbox 287 4768 409 4819; x_wconf 78' lang='lat' dir='ltr'><strong>Lambeth</strong></span> <span class='ocrx_word' id='word_1_268' title='bbox 422 4769 476 4819; x_wconf 84' lang='lat' dir='ltr'><strong>MS.</strong></span> <span class='ocrx_word' id='word_1_269' title='bbox 490 4775 545 4817; x_wconf 78' lang='lat'>589.</span> <span class='ocrx_word' id='word_1_270' title='bbox 757 4769 766 4796; x_wconf 84' lang='lat'>⁴</span> <span class='ocrx_word' id='word_1_271' title='bbox 784 4766 908 4833; x_wconf 74' lang='lat' dir='ltr'><strong>Kynqley]</strong></span> <span class='ocrx_word' id='word_1_272' title='bbox 922 4768 949 4816; x_wconf 87' lang='lat' dir='ltr'><strong>in</strong></span> <span class='ocrx_word' id='word_1_273' title='bbox 960 4768 1116 4834; x_wconf 74' lang='lat' dir='ltr'><strong>Kyngeleye,</strong></span> <span class='ocrx_word' id='word_1_274' title='bbox 1133 4768 1204 4819; x_wconf 63' lang='lat' dir='ltr'><strong>Harl.</strong></span> 
     </span>
    </p>
   </div>
   <div class='ocr_carea' id='block_1_7' title="bbox 1066 4866 1087 4913">
    <p class='ocr_par' dir='ltr' id='par_1_7' title="bbox 1066 4866 1087 4913">
     <span class='ocr_line' id='line_1_37' title="bbox 1066 4866 1087 4913; baseline 0 0"><span class='ocrx_word' id='word_1_275' title='bbox 1066 4866 1087 4913; x_wconf 89' lang='grc' dir='ltr'>Τ</span> 
     </span>
    </p>
   </div>
   <div class='ocr_carea' id='block_1_8' title="bbox 0 0 1644 5656">
    <p class='ocr_par' dir='ltr' id='par_1_8' title="bbox 0 0 1644 5656">
     <span class='ocr_line' id='line_1_38' title="bbox 0 0 1644 5656; baseline 0 0"><span class='ocrx_word' id='word_1_276' title='bbox 0 0 1644 5656; x_wconf 95' lang='lat' dir='ltr'><strong> </strong></span> 
     </span>
    </p>
   </div>
  </div>
 </body>
</html>
