3264 5662
383 809 585 860 ennosmos
608 808 764 861 sessus
789 812 836 860 nn
858 809 1028 863 nvnssan
1163 800 1228 871 287

183 1007 277 1073 super
322 1009 419 1071 quam
465 988 648 1052 aedificatur
692 987 945 1052 ambulatorium
991 993 1025 1053 et
1063 990 1227 1076 privatum
1281 1033 1348 1085 AD·

184 1090 417 1154 dormitorium.
480 1091 572 1156 Fecit
610 1091 709 1154 etiam
742 1091 904 1178 egregiam
943 1091 1053 1156 aulem
1090 1093 1230 1172 abbatis,
1246 1105 1396 1154 12824816.

184 1196 272 1280 cujus
296 1195 382 1259 muri
415 1217 526 1260 omnes
561 1195 602 1259 de
634 1195 798 1281 lapidibus
832 1196 968 1281 perfecti
995 1202 1082 1277 sunt,
1108 1198 1230 1263 erexit·

184 1321 243 1384 quc
278 1320 376 1385 super
410 1298 500 1362 illam
539 1298 699 1363 mirabilis
737 1299 844 1384 operis
878 1304 1041 1365 tecturam
1074 1303 1230 1366 meremio

184 1402 304 1467 factam
336 1401 534 1487 plumboque
565 1406 757 1487 coopertam,
783 1408 817 1466 et
841 1402 1003 1487 porticum
1027 1403 1076 1468 ,sd
1108 1405 1230 1469 ostium

185 1505 265 1570 eulae
303 1505 471 1591 praedictas
509 1527 582 1569 cum
620 1504 719 1581 volta,
758 1508 792 1570 et
830 1526 926 1591 super
963 1505 1057 1570 illum
1096 1508 1230 1572 domum

185 1609 384 1695 receptionis,
411 1608 545 1693 plumbo
577 1607 730 1671 similiter
753 1613 947 1694 coopertam
1007 1609 1096 1676 Huic
1118 1612 1232 1698 itaque

184 1711 266 1777 sulae
313 1711 486 1795 coquinam
531 1709 693 1795 adjunxit,
740 1732 837 1796 quam
888 1711 929 1776 dc
973 1710 1137 1799 lapidibus
1178 1715 1233 1780 de·

185 1821 294 1879 center
323 1819 428 1878 totam
464 1813 605 1898 perfecit.
656 1812 750 1878 Fecit
783 1814 882 1877 etiam
913 1815 1101 1900 pantriam¹
1133 1817 1234 1902 juxte

186 1918 366 2003 coquinam,
403 1923 437 1981 et
460 1938 620 1980 cameram
652 1916 782 1980 abbatis
804 1917 968 2004 depictam
1002 1940 1076 1983 cum
1099 1920 1235 1986 historia

186 2021 308 2108 loseph
347 2042 420 2084 cum
469 2041 572 2105 parva
610 2019 736 2104 capella
783 2019 847 2083 sibi
885 2042 1043 2101 annexa3
1088 2028 1123 2087 ct
1170 2025 1232 2090 sub

187 2124 243 2189 hac
293 2145 420 2188 camera
465 2123 557 2186 volta
603 2121 698 2186 fortis
751 2123 898 2208 erigitur,
950 2125 1008 2189 ubi
1053 2147 1141 2192 nunc
1184 2134 1234 2193 est

187 2228 352 2292 cellerium
390 2227 468 2290 vini.
532 2225 654 2289 Domos
700 2224 852 2289 similiter
888 2226 1037 2312 pistrinae
1075 2234 1109 2293 et
1145 2229 1236 2301 bras·

187 2332 266 2395 cinae
289 2331 419 2394 sortiter
441 2334 475 2393 et
499 2333 688 2415 sumptuose
726 2328 882 2393 aedifiam
912 2330 997 2394 fecit.
1055 2331 1147 2397 Duas
1185 2335 1235 2397 in·

188 2456 282 2520 super
316 2454 418 2496 novas
451 2452 594 2496 cameras
636 2432 671 2494 in
709 2432 800 2495 curia
830 2454 872 2495 ex
904 2437 998 2518 parte
1029 2435 1234 2516 occidentali,

188 2558 227 2601 ex
257 2537 407 2622 opposito
447 2535 530 2599 aulae
567 2534 741 2620 praedictae,
785 2555 858 2598 cum
894 2557 1007 2600 earum
1037 2537 1137 2602 voltis
1174 2560 1235 2625 pro

188 2639 371 2726 hospitibus
404 2637 486 2713 fecit,
518 2643 551 2701 ct
587 2658 747 2701 cameram
778 2636 942 2714 cellerarii,
973 2660 1046 2702 cum
1077 2642 1142 2706 alia
1172 2642 1234 2707 sibi

187 2742 342 2826 adjuncta
372 2763 469 2826 super·
494 2763 606 2805 arcum
631 2741 796 2826 lapideum
820 2741 904 2805 benc
929 2740 1100 2807 aedificata.
1148 2744 1236 2810 Item

188 2846 263 2910 fecit
279 2846 414 2930 longum
438 2843 606 2908 stabulum
634 2866 675 2906 ex
698 2836 811 2907 eadem
833 2850 934 2929 parte,
961 2866 1020 2930 pro
1041 2845 1235 2933 hospitibus,

190 2949 270 3012 bene
294 2953 525 3012 constructum.
573 2946 723 3031 Longum
749 2948 861 3031 itaque
887 2947 1055 3012 stabulum
1079 2972 1121 3015 ex
1144 2958 1237 3038 perte

189 3051 366 3137 aquilonali
394 3050 428 3114 in
453 3051 543 3113 dicta
568 3051 657 3113 ouria
685 3072 742 3134 pro
757 3049 920 3115 officiariis
948 3051 1141 3137 deputatum
1167 3055 1237 3138 ejus

190 3163 334 3240 tempore
359 3163 393 3217 et
416 3154 580 3238 adjutorio
597 3152 796 3217 aedificatum
816 3158 874 3217 ost.
920 3153 1121 3219 Pitantieria
1137 3159 1236 3220 etiam

189 3257 366 3343 coquinarii
383 3278 456 3320 cunr
479 3256 577 3332 volta,
595 3262 629 3318 et
645 3276 741 3339 super
766 3254 855 3318 illam
880 3257 956 3319 aula
979 3278 1037 3342 pro
1053 3257 1237 3344 hospitibus

190 3364 383 3433 constructa,
408 3359 476 3442 ejus
505 3364 651 3442 tempore
682 3363 715 3420 et
746 3357 870 3420 auxilio
896 3358 1059 3423 aedificata
1089 3367 1165 3439 est;
1203 3369 1238 3426 et

190 3464 360 3549 coquinam
386 3468 567 3525 conventus
586 3460 687 3544 juxta
708 3460 881 3545 coquinam
905 3459 1034 3525 abbatis
1058 3461 1237 3529 sedificsvit

191 3573 290 3652 atque
313 3565 454 3650 perfecit.
501 3563 584 3627 Octo
611 3565 711 3627 etiam
736 3563 888 3649 grangias
910 3570 1126 3651 sumptuosas,
1152 3567 1238 3633 sicut

190 3676 357 3757 apparent,
383 3688 440 3751 per
464 3667 609 3729 maneria
634 3666 814 3741 constituit,
839 3666 999 3745 videlicet,
1025 3691 1124 3733 unam
1150 3673 1238 3757 apud

191 3773 354 3837 Evesham
368 3772 400 3832 in
415 3770 559 3832 Bertcna
574 3791 631 3853 pro
644 3769 764 3832 hordeo
781 3769 985 3854 imponendc,
997 3771 1134 3837 alteram
1150 3775 1238 3859 apud

192 3876 357 3950 Uffenam,
389 3872 525 3935 alteram
556 3870 644 3956 apud
677 3871 874 3935 Luttultone
902 3873 1067 3957 optimam,
1099 3876 1237 3940 alteram

191 3979 280 4064 apud
312 3976 524 4059 Honybcrne‚
557 3972 654 4035 aliam
685 3973 773 4057 apud
805 3972 990 4058 Willarsey,
1021 3975 1119 4039 aliam
1150 3980 1237 4065 apud

194 4083 391 4166 Hamptone‚
418 4076 554 4140 alteram
579 4075 666 4159 apud
696 4076 833 4154 Burton,
861 4082 961 4161 atquc
985 4077 1122 4143 alteram
1149 4082 1237 4167 apud

193 4182 415 4259 Bradewelle;
447 4187 480 4245 et
506 4200 665 4242 cameram
690 4178 778 4263 apud
803 4179 1008 4264 Honybcrne
1024 4203 1097 4245 cum
1114 4185 1238 4271 capella

191 4310 330 4360 annexa,
355 4292 389 4348 et
416 4283 592 4348 cancellum
621 4282 762 4346 ecclesiae
789 4283 829 4346 de
861 4283 1072 4368 Honybcrne,
1105 4294 1138 4351 et
1163 4312 1238 4353 can·

189 4392 307 4456 cellum
324 4390 364 4451 de
381 4384 802 4470 Willarsey,ctcanccll11m
820 4385 860 4448 de
878 4385 1073 4472 Hamptone‚
1090 4395 1125 4454 et
1139 4392 1237 4456 eccle·

190 4497 272 4558 siam
300 4493 341 4555 de
359 4490 494 4563 Nortcn,
511 4493 544 4551 et
569 4489 650 4551 duas
676 4509 818 4551 cameras
842 4487 881 4550 de
899 4488 1061 4567 Uffenem,
1078 4499 1111 4557 et
1138 4516 1237 4559 unam

479 4776 484 4801 ¹
500 4773 640 4837 pontiam]
655 4773 773 4836 panetris,
784 4773 856 4825 Harl.
868 4777 941 4825 ³76³.
