3264 5662
368 796 571 848 cunomcou
594 796 755 849 Annsrrn
779 800 825 848 nn
848 798 1019 851 rvesmu
1158 787 1223 853 159

167 988 259 1053 “sit
289 989 468 1053 commissu
515 988 561 1052 Et
590 987 678 1072 quod
708 1008 783 1052 cum
812 987 954 1054 tuitione
985 989 1086 1055 etium
1116 997 1304 1058 erratuum.
1320 1007 1391 1055 120⁵.

164 1098 184 1126 ‘·
209 1099 324 1156 nostra
346 1091 467 1156 habeut
490 1090 657 1177 corrigere,
680 1095 812 1156 uttam
835 1092 936 1156 tuitio
952 1114 1051 1177 quum
1067 1095 1225 1160 correctio

165 1208 183 1228 ‘⁴
209 1193 241 1259 ei
265 1194 502 1272 committatur,
533 1215 685 1279 expresse
715 1193 931 1280 subjungitur
960 1197 997 1260 in
1023 1197 1136 1262 eodem
1159 1199 1226 1286 pri-

166 1305 185 1332 “
210 1296 340 1382 vilegio,
365 1296 423 1360 uhi
447 1295 579 1371 dicitur,
604 1296 661 1361 ‘Si
685 1296 765 1382 qiud
781 1319 859 1362 vero
882 1297 1024 1364 sinistrae
1047 1301 1151 1385 portis
1175 1302 1225 1364 in-

169 1413 186 1433 ··
213 1399 282 1463 ‘ihi
306 1403 510 1484 compertum
534 1399 635 1463 fuerit
651 1399 739 1479 oriri,
759 1400 894 1465 uteribus
917 1402 1037 1465 summi
1060 1403 1226 1488 pontificis

167 1510 188 1537 ‘⁶'
213 1501 352 1588 ‘potrirc
375 1501 487 1586 potius
509 1501 676 1566 ‹leseratur
698 1523 797 1587 qutun
821 1488 887 1588 per
902 1503 1040 1589 alicujus
1063 1506 1224 1570 occultam

168 1612 186 1639 ‘·'
213 1604 433 1669 ‘sententium
449 1610 583 1667 sanctus
598 1603 688 1667 locus
711 1604 833 1690 injuste
849 1604 1064 1691 depravetur!
1111 1607 1221 1688 Quum

167 1724 183 1743 ··
211 1708 315 1793 igitur
344 1727 444 1771 onero
474 1705 628 1770 tuitionis
659 1712 693 1771 et
720 1708 926 1773 correctionis
955 1702 1150 1793 sequnntur
1164 1711 1222 1774 ho-

169 1820 187 1843 ‘·'
212 1830 307 1874 nores
352 1815 387 1873 et
432 1808 603 1873 commodo
647 1808 848 1875 visitationis
898 1817 933 1875 et
976 1814 1221 1897 procurationis,

169 1922 188 1948 ‘³
213 1912 330 1977 merito
361 1912 411 1976 illi
441 1913 494 1977 cui
524 1933 623 1976 onero
653 1933 721 1976 non
759 1913 975 1999 imponuntur
1012 1915 1151 1981 honores
1189 1921 1223 1981 et

168 2026 187 2053 ·'‘
211 2015 435 2080 emolumento
450 2014 701 2080 subtrahuntur.
749 2016 803 2079 Ex
830 2016 891 2081 hoc
918 2017 1021 2103 igitur
1051 2019 1224 2105 privilegio

169 2138 185 2153 ··
210 2124 303 2205 putet
331 2118 463 2183 nullum
490 2118 533 2182 ab
560 2118 695 2183 ecclesia
719 2124 833 2183 nostra
856 2120 1087 2205 praedictorum
1112 2122 1225 2187 deberi

169 2240 185 2255 ··
211 2221 422 2308 Wigorucnsi
447 2221 606 2307 episcopo,
630 2242 732 2306 quum
763 2244 783 2284 u
810 2219 943 2286 domino
968 2245 1054 2309 popu
1081 2224 1226 2290 Contun-

167 2336 185 2360 “
210 2325 308 2389 riensi
338 2324 578 2410 archiepiscopo
612 2328 652 2388 ut
682 2345 740 2386 suo
775 2322 884 2407 legato
918 2324 971 2388 vel
1002 2326 1125 2389 vicario
1156 2326 1226 2391 hece

169 2440 187 2461 ‘'
210 2427 474 2505 sintcommisso,
492 2427 582 2490 etde
606 2446 765 2490 consensu
786 2426 918 2509 Eguini
942 2427 1083 2513 episcopi
1100 2428 1228 2514 Wigor·

168 2537 187 2564 ·'‘
211 2530 331 2609 nensis,
355 2529 449 2614 cujus
472 2549 648 2593 consensus
671 2550 740 2592 non
759 2528 998 2613 requireretur¹
1015 2531 1078 2594 nisi
1101 2531 1137 2595 in
1154 2529 1225 2616 ejus

168 2631 437 2719 “prejudicium
478 2631 604 2716 aliquid
637 2635 846 2706 statueretur,
886 2630 1037 2716 quamvis
1074 2633 1227 2699 dominus

171 2754 187 2768 ¹·
211 2757 297 2821 popu
336 2734 392 2819 qui
431 2739 567 2798 vocatus
606 2738 657 2798 est
696 2734 731 2796 iu
769 2733 1010 2818 plenitudinem
1051 2736 1226 2821 potestatis

171 2856 187 2871 ··
212 2837 280 2902 brec
307 2836 420 2900 omnin
443 2837 641 2900 auctoritate
666 2835 730 2900 sibi
754 2857 774 2898 n
800 2835 871 2900 Deo
895 2836 1065 2901 commissa
1088 2859 1130 2901 ex
1152 2861 1224 2925 pro-

211 2939 281 3025 priu
311 2943 476 3025 potestate
507 2939 610 3004 ducere
640 2937 752 3024 possit,
792 2936 915 3002 nullius
953 2940 1111 3024 requisito
1149 2963 1224 3005 con-

172 3050 188 3076 ‘·
212 3063 306 3106 sensu
329 3042 383 3119 uel
399 3041 517 3106 favore.
566 3041 612 3104 Et
635 3047 748 3104 tumen
772 3040 842 3105 sine
865 3041 993 3106 ratione
1016 3043 1098 3106 toliu
1120 3043 1223 3108 femere.

173 3158 188 3178 ‘⁴
213 3167 275 3208 non
298 3144 478 3208 consuevit.
526 3142 572 3207 Et
597 3164 696 3228 quum
715 3142 842 3228 possint
865 3142 1008 3229 episcopi
1030 3144 1117 3209 infru
1140 3145 1222 3210 dioe-

174 3254 189 3280 ·‘
212 3248 308 3311 cesim
340 3267 434 3309 suam
465 3247 500 3309 in
531 3261 595 3331 quo
632 3245 809 3308 maluerint
840 3245 973 3309 eeclesia·
999 3269 1066 3309 non
1091 3247 1222 3331 privile-

172 3357 188 3383 “
211 3350 299 3435 mater
325 3348 498 3433 synodum,
519 3348 673 3434 capitula,
698 3347 920 3411 ordinationes
947 3351 981 3411 et
1004 3347 1118 3411 missas
1141 3349 1224 3434 pub·

174 3470 189 3484 ··
213 3452 290 3516 licus
321 3450 494 3530 celebrare,
518 3451 587 3515 lucc
614 3450 824 3535 Wigomeusi
848 3450 998 3535 episcopo
1025 3451 1060 3512 in
1083 3450 1224 3515 ecclesiis

174 3568 189 3587 ‘¹
214 3553 332 3618 nostris
357 3553 462 3617 locere
492 3553 534 3617 ub
567 3552 763 3616 Innocentio
793 3552 988 3637 prohibetur
1012 3552 1070 3617 ubi
1094 3552 1222 3630 dieitur,

173 3676 188 3690 ··
213 3656 415 3721 ‘Sensimus
440 3657 540 3719 ctiam
564 3655 661 3719 utin
686 3654 820 3718 uhlmtin
850 3661 960 3718 vestm
984 3661 1043 3720 aut
1069 3656 1105 3718 in
1121 3657 1225 3741 capd-

173 3782 187 3791 ··
214 3759 277 3822 ‘lis
307 3757 426 3821 vestris
457 3757 577 3842 aliquis
604 3758 773 3844 episeopus
803 3756 966 3840 synodum
997 3758 1051 3821 vel
1080 3759 1224 3843 capitulo

171 3878 186 3895 ⁴·
213 3866 294 3925 ‘out
321 3860 546 3924 ordinationes
569 3866 628 3924 aut
650 3860 765 3923 missus
793 3860 948 3945 publicas,
973 3860 1037 3923 nisi
1063 3861 1224 3925 invitetus

170 3973 185 3997 ‘²
212 3963 277 4027 ‘ab
301 3962 421 4027 ubhnte
445 3963 533 4026 illius
558 3962 620 4027 loci
643 3963 695 4026 vel
722 3984 743 4026 u
770 3962 937 4041 frutribus,
966 3963 1127 4027 eeleluure
1154 3986 1220 4027 non

170 4086 184 4101 ⁶·
210 4065 429 4153 ‘praesumat'
484 4065 595 4144 Quum
627 4065 728 4128 etium
753 4086 821 4127 non
846 4064 943 4129 liceat
968 4087 1035 4130 non
1061 4068 1224 4152 exemptis

172 4180 188 4203 ··’
212 4174 418 4235 socmrnentu
433 4168 652 4233 ecclesiastico
674 4167 740 4230 nisi
756 4190 777 4231 a
792 4189 851 4231 suo
868 4168 1018 4254 episcopo
1042 4169 1230 4258 dioecesum

171 4292 185 4305 ‘·
211 4273 364 4357 occipere,
389 4275 429 4334 ut
452 4270 535 4334 nihil
558 4268 654 4333 nobis
678 4269 764 4334 desit
791 4269 831 4333 ud
861 4270 1100 4355 plenitudinem
1126 4272 1222 4336 liber-

170 4386 186 4409 ‘·
212 4376 293 4440 tutis
323 4372 513 4439 conceditur
536 4372 631 4436 nohis
653 4373 695 4436 ah
719 4372 911 4436 Alexandro
941 4395 1027 4460 pmpu
1054 4374 1156 4439 tertio
1184 4381 1222 4437 ut

441 4589 469 4594 -,.
486 4588 627 4595 ,-.-..--
641 4588 655 4593 -,
668 4587 743 4594 --.
760 4587 797 4593 --
817 4588 879 4593 ...-
895 4589 939 4594 ...-
956 4588 1180 4597 -—--.—-.
1203 4590 1218 4596 ..

499 4723 505 4751 ¹
520 4721 695 4786 requireretur]
709 4720 857 4784 requiretur.
868 4721 923 4769 MS.
