3270 5656
430 786 630 842 csaourcou
653 786 810 840 saulus
833 788 879 839 nu
901 788 1069 841 erassem
1229 774 1272 847 47

403 1078 453 1146 Dc
482 1080 741 1166 quodammado
765 1074 901 1164 loquela
929 1078 1088 1146 restituto.

271 1239 496 1306 Clarissimum
514 1240 759 1328 Omnipotentis
775 1240 839 1305 Dei
856 1242 1048 1307 miraculum
1064 1264 1121 1330 per
1135 1242 1269 1310 beatum
1285 1209 1439 1332 10risslidffi

231 1343 436 1411 confessorem
458 1365 555 1408 suum
578 1342 772 1432 Ecgwinum
796 1344 991 1411 mirabiliter
1006 1346 1108 1410 servis
1132 1347 1198 1411 suis
1221 1347 1270 1410 in·
1284 1358 1395 1425 Hearing
1406 1363 1438 1410 of

230 1447 400 1528 sinuatum,
439 1447 481 1511 ad
514 1447 658 1511 medium
697 1468 862 1512 censemus
894 1447 1126 1515 deducendum.
1189 1448 1272 1513 Erat
1283 1426 1326 1540 31¹2
1337 1428 1421 1557 {iffi

229 1555 368 1637 tempore
405 1547 538 1636 praefati
566 1549 653 1636 regis
682 1549 815 1634 quidam
845 1549 941 1614 homo
972 1551 1008 1615 in
1031 1551 1153 1637 Anglia
1184 1550 1272 1638 apud
1285 1559 1350 1622 pres
1361 1560 1404 1616 the

231 1651 377 1718 (lantiam
400 1653 469 1741 qui,
492 1674 551 1740 pro
566 1674 662 1716 causa
676 1652 737 1717 soli
753 1651 824 1716 Deo
839 1653 979 1740 cognita,
997 1658 1109 1719 mutus
1131 1654 1166 1716 in
1188 1653 1272 1719 hanc
1286 1626 1392 1743 {RQ

231 1755 330 1822 lucem
376 1760 527 1821 materno
556 1759 650 1820 utero
697 1754 856 1841 profusus,
899 1756 1042 1821 dolorem
1081 1757 1273 1842 parentibus

230 1860 429 1945 maximeque
464 1857 527 1924 sibi
561 1857 678 1922 diatim
716 1859 942 1945 exaggerabat
1000 1858 1035 1923 Is
1065 1860 1199 1926 tandem
1236 1860 1273 1924 in

228 1961 411 2049 juventute,
435 1961 548 2026 divino
571 1960 761 2026 admonitus
788 1962 957 2040 instinctu,
995 1984 1053 2051 per
1082 1963 1272 2029 memoriam

230 2073 409 2132 sanctorum
432 2085 545 2130 versus
568 2063 706 2129 Romam
729 2065 776 2130 ire
799 2065 967 2151 disposuit.
1014 2065 1179 2152 Incipiens
1195 2089 1271 2153 ergo

230 2169 287 2234 iter
302 2171 531 2248 coustitutum,
544 2167 683 2233 Romam
699 2189 801 2253 usque
817 2169 1017 2255 perveniens,
1033 2169 1140 2234 tribus
1149 2168 1272 2235 ibidem

231 2271 318 2338 annis
359 2271 404 2336 ad
433 2271 549 2336 limina
578 2270 809 2357 Apostolorum
841 2270 959 2336 devote
989 2293 1049 2358 pro
1080 2272 1271 2337 infirmitate

231 2395 284 2439 sua
297 2373 487 2464 supplicans
509 2373 697 2460 permansit.
746 2371 809 2438 Cui
833 2395 935 2459 quum
964 2373 1049 2437 nibil
1064 2375 1198 2440 remedii
1213 2396 1272 2460 pro

231 2483 302 2544 voto
340 2477 540 2554 occurrisset,
577 2480 652 2562 post
675 2476 796 2540 trinam
834 2476 1072 2542 revolutionem
1112 2498 1272 2542 annorum

231 2580 447 2646 meditabatur
461 2580 604 2644 maximo
627 2602 700 2645 cum
723 2600 861 2644 moerore
884 2580 911 2643 si
934 2580 1100 2666 quippiam
1116 2581 1178 2644 sibi
1200 2602 1273 2667 pos·

232 2690 275 2749 set
301 2683 372 2748 fieri
396 2684 432 2748 in
454 2683 602 2747 salutem.
648 2681 731 2746 Ecce
762 2682 903 2767 quadam
934 2687 1028 2746 nocte
1060 2704 1118 2768 per
1141 2681 1270 2748 dulcem

232 2787 366 2871 quietem
409 2785 518 2850 astitit
555 2784 617 2850 sibi
650 2784 802 2871 quaedam
835 2805 971 2871 persona
1003 2784 1087 2850 albis
1121 2786 1271 2851 vestibus

232 2889 347 2966 induta
382 2887 569 2973 hujusmodi
608 2887 791 2974 deprimens
840 2887 991 2953 oracula:
1035 2887 1152 2968 “Quid
1190 2888 1271 2967 hic‚”

234 2991 340 3078 inquit,
365 2998 384 3027 “
400 2996 470 3055 tam
497 2991 554 3055 diu
577 2990 689 3074 jacens
720 2990 842 3056 frustra
884 2992 1104 3056 consumeris?
1151 2992 1272 3057 Rever-

233 3102 246 3130 “
259 3100 323 3160 tere
346 3095 389 3160 ad
413 3095 555 3183 patriam
578 3098 671 3158 tuam
687 3094 853 3180 Angliam,
872 3117 981 3180 quaere
1004 3095 1086 3159 inibi
1109 3101 1269 3160 monaste·

233 3203 247 3233 “
261 3199 342 3263 rium
378 3199 483 3263 sancti
505 3197 664 3283 Ecgwini‚
681 3196 823 3282 illucque
845 3197 969 3262 vadens
992 3219 1065 3262 cum
1097 3197 1269 3276 oblatione,

234 3299 320 3366 “Dei
336 3307 371 3366 et
394 3300 482 3365 illius
509 3301 614 3365 sancti
629 3301 883 3365 misericordiam
899 3301 1075 3386 deprecare,
1093 3301 1270 3387 statimque

234 3411 246 3438 “
265 3404 455 3470 sanaberia”
472 3403 708 3489 Obtemperans
727 3405 829 3490 igitur
852 3408 964 3468 mutus
981 3403 1094 3467 divino
1106 3404 1270 3483 mandato,

232 3505 408 3596 extemplo¹
426 3507 469 3571 ad
494 3506 604 3572 natale
633 3508 737 3573 solum
763 3495 942 3593 repedavit
987 3507 1129 3572 Veniens
1160 3514 1269 3574 autem

232 3610 262 3673 in
281 3611 446 3698 Angliam,
470 3609 590 3676 indicio
614 3610 740 3687 ductus,
757 3631 815 3696 per
831 3611 981 3675 divinum
1005 3612 1165 3676 auxilium
1181 3618 1270 3677 recto

232 3713 338 3779 itinere
360 3714 403 3778 ad
427 3714 659 3777 monasterium
693 3715 798 3778 sancti
814 3712 963 3799 Ecgwini
985 3715 1141 3802 pervenit.
1188 3715 1270 3780 Erat

232 3836 300 3882 vero
322 3822 405 3882 tunc
429 3816 497 3880 dies
519 3817 654 3881 sabbati.
702 3816 811 3902 Igitur
825 3818 951 3881 eunctis
966 3816 1106 3882 fratibus
1122 3819 1157 3882 in
1173 3818 1270 3884 choro
1387 3842 1393 3852 ·

232 3920 417 3995 mantibus,
433 3920 526 3984 venit
548 3919 725 4005 praedictus
748 3920 800 3983 vir
823 3919 989 3984 candelam
1012 3942 1113 3985 manu
1137 3926 1269 4006 gestans

232 4044 324 4108 quum
347 4024 534 4110 vespertina
557 4023 691 4109 synaxis
715 4022 950 4100 decantaretur,
966 4045 1167 4109 pergensque
1189 4028 1269 4089 ante

231 4127 325 4193 altare
358 4127 485 4192 diutius
515 4127 622 4191 oravit
653 4125 762 4212 sicque
792 4127 961 4192 candelam
995 4125 1124 4191 obtulit.
1197 4126 1277 4206 Qua

232 4229 339 4308 oblata
364 4252 476 4295 rursus
499 4230 541 4294 ad
564 4229 746 4295 orationem
770 4231 872 4295 stetit.
918 4229 982 4294 Res
1006 4230 1089 4293 mira
1120 4234 1154 4294 et
1175 4229 1269 4295 veho

232 4340 348 4400 menter
370 4333 551 4421 stupendal
600 4332 707 4414 Quum
733 4355 838 4398 coram
862 4334 987 4399 cunctis
1001 4338 1125 4398 astaret
1147 4339 1267 4413 mutus,

233 4438 334 4504 subito
366 4438 483 4503 urdene
505 4438 614 4504 rivum
645 4436 814 4522 sanguinis
839 4459 880 4501 ex
904 4460 959 4501 ore
983 4438 1083 4524 coepit
1108 4458 1267 4516 excreare,

234 4540 391 4629 nimiaque
425 4564 493 4628 prm
526 4540 679 4627 angustia
708 4540 744 4603 iu
778 4541 967 4626 pavimento
1011 4542 1268 4628 circumquaque

240 4687 244 4689 e
253 4687 493 4695 -ῢ-...ην-,ι
506 4687 733 4693 ⁴---------———-
744 4687 890 4692 *--—-———
900 4687 1134 4693 ——---——--
1144 4689 1240 4695 --.ᾡ-

564 4763 569 4791 ¹
585 4759 712 4827 extemplo]
726 4762 854 4826 extimplo,
866 4762 920 4813 MS.
