3270 5656
419 828 622 882 enaomcou
645 829 804 883 nasama
828 833 874 882 na
897 831 1066 883 nvnsnsu.
1260 822 1280 885 3

233 1187 257 1255 Ι
255 1186 362 1275 ncipit
376 1186 480 1253 Liber
488 1185 636 1253 Primus
651 1186 690 1253 de
709 1185 792 1253 Vita
806 1185 929 1253 Sacrati
944 1186 1103 1272 quwiac'
1114 1188 1280 1277 Episcopi

319 1298 350 1357 et
377 1289 593 1377 Confessoria,
617 1296 646 1356 et
674 1289 863 1356 Miacculis
888 1313 964 1377 qam
990 1292 1083 1357 Deua
1111 1314 1174 1378 per
1201 1314 1281 1359 eum

322 1393 409 1459 dum
428 1392 490 1459 bac
504 1392 668 1460 mutabili
684 1394 756 1459 lace
763 1392 945 1479 frueretur
960 1394 1097 1481 operam
1113 1394 1280 1479 dissectas

320 1494 604 1575 machamatus
631 1519 654 1562 a
672 1496 799 1563 Thomu
817 1498 936 1584 priore
958 1496 1175 1565 Evcsbamica

664 1725 791 1790 Laome
816 1725 841 1791 Ι.
897 1772 899 1777 .

276 1900 499 1965 TEMPORIBUS
536 1918 650 1982 regum
692 1895 860 1961 Ethelredi
900 1904 999 1982 atque
1038 1897 1192 1976 Kenredi,
1225 1900 1281 1984 qui

236 2002 431 2069 Marciorum
461 1999 607 2097 regimen
635 1999 861 2078 obtinuerunt,
895 2001 930 2064 in
962 2001 1129 2066 territorio
1152 2001 1281 2089 Wigor-

234 2108 324 2173 nansi
347 2105 465 2170 extitit
488 2102 659 2189 religiosus
692 2104 745 2168 vir
775 2105 827 2167 cui
863 2124 982 2168 nornen
1018 2111 1087 2169 erat
1113 2105 1279 2191 nginus,

233 2210 331 2298 regali
354 2231 396 2274 ex
419 2208 568 2295 prosapia
599 2212 698 2271 ortus.
750 2205 815 2285 Qui
850 2212 1022 2292 postquam
1055 2208 1281 2275 adolescentiae

233 2319 360 2402 tempus
392 2311 560 2397 transegit,
595 2310 735 2396 gratiam
760 2308 821 2372 Dei
853 2310 990 2373 multam
1015 2311 1169 2390 obtinuit,
1193 2312 1282 2376 illus-

233 2418 373 2483 tratione
405 2415 475 2480 veri
509 2413 644 2477 luminis
678 2418 712 2477 et
747 2411 862 2476 Sancti
902 2413 1044 2499 Spiritus
1082 2415 1280 2501 aspiratione

233 2520 413 2598 irradiatur,
445 2519 530 2584 sicut
552 2517 712 2580 bonorum
736 2515 890 2580 actuum¹
915 2517 1115 2603 subsequens
1138 2540 1281 2606 compro-

233 2624 323 2689 bavit
338 2622 482 2687 effectus.
516 2620 685 2700 Quantum
702 2620 789 2683 enirn
813 2621 848 2683 in
872 2641 910 2684 eo
933 2621 1098 2686 erescebat
1117 2643 1281 2687 successus

234 2726 396 2813 temporis,
414 2730 546 2789 tantum
563 2722 771 2788 excrescebat
786 2723 891 2786 totius
908 2724 1052 2787 intentio
1076 2730 1110 2789 et
1133 2726 1280 2790 studium

232 2829 412 2917 probitatis.
459 2826 620 2891 Assiduus
643 2831 713 2889 erat
735 2826 770 2889 in
794 2826 941 2905 lectione,
964 2827 1069 2892 cordis
1091 2829 1141 2892 sui
1165 2851 1281 2915 agrum

232 2932 381 3019 pervigili
405 2930 574 2995 excolebat
601 2928 828 3007 sollieitudine,
853 2929 1022 2994 avellendo
1057 2954 1131 3017 quaa
1164 2934 1280 2997 nociva

231 3033 401 3102 noscebat²
425 3039 458 3098 et
491 3032 661 3096 inserendo
699 3054 773 3117 quse
811 3033 954 3097 salubria
987 3056 1054 3099 esse
1084 3036 1277 3101 dinoscebat

230 3138 354 3216 Justus,
379 3138 482 3216 fertis,
507 3141 659 3200 constans
690 3140 724 3199 et
747 3136 897 3220 prudens,
922 3139 1039 3221 cuique
1069 3139 1156 3222 quod
1183 3161 1277 3202 sunm

230 3250 277 3309 est
307 3241 464 3307 exhibere
499 3239 676 3324 satagebat,
710 3239 837 3303 ratione
871 3240 1073 3303 considerata
1096 3241 1222 3304 labores
1245 3247 1279 3305 et

230 3346 370 3433 pericula
394 3365 463 3407 non
492 3343 635 3427 segniter
662 3342 858 3426 suscipiebat
893 3348 1219 3428 perseverantemque
1242 3344 1278 3407 in

230 3450 274 3513 eis
305 3447 408 3512 animi
446 3445 654 3510 tolerantiam
689 3445 824 3524 ferebat,
859 3467 897 3508 ae
932 3468 1041 3510 rerum
1075 3447 1276 3532 singularum

230 3551 308 3616 fines
325 3548 576 3635 diligentissime
599 3546 801 3611 attendebat.
848 3548 947 3613 Unde
971 3550 1080 3613 omnia
1103 3571 1201 3635 opera
1216 3571 1276 3615 sua

230 3653 378 3731 verendo,
410 3652 510 3735 juxta
541 3650 622 3714 illud
655 3650 742 3713 beati
766 3648 840 3727 iob,
866 3651 1010 3716 Verebar·
1036 3653 1147 3717 omnia
1178 3675 1276 3739 opera
1288 3669 1339 3720 Job
1355 3671 1392 3724 ix.
1405 3678 1443 3725 ss.

229 3780 306 3835 maa,
324 3757 427 3820 sciens
444 3754 603 3839 quianon
625 3774 772 3839 parceres
795 3753 1009 3839 delinquenti,
1027 3757 1069 3820 ad
1086 3758 1275 3841 exequenda

229 3860 289 3924 Dei
323 3857 480 3923 mandata
511 3857 601 3941 pium
624 3878 661 3921 ac
683 3856 763 3919 mite
787 3878 840 3921 eor
865 3858 999 3943 gerebat
1011 3884 1018 3937 ;
1051 3860 1085 3923 in
1108 3861 1276 3924 exteriori·

229 3962 289 4029 bus
321 3962 455 4048 quidem
487 3960 592 4023 causis
631 3961 735 4023 sciens
767 3981 804 4024 ac
836 3961 1002 4041 discretus,
1036 3961 1129 4025 fortis
1165 3965 1199 4026 et
1233 3962 1274 4025 ad

229 4066 336 4131 omnia
359 4063 591 4137 consideratus,
616 4063 651 4125 in
674 4063 796 4126 divinis
819 4069 930 4127 antem
954 4064 1172 4149 intelligentia
1195 4087 1276 4150 prae-

229 4170 323 4248 ditus,
349 4167 511 4255 snpientia
528 4166 705 4252 plurimum
729 4166 916 4231 excellebat.
964 4165 1074 4252 Igitur
1096 4168 1277 4253 postposita

229 4272 377 4337 secularis
411 4270 521 4334 ‘frestus
565 4269 744 4333 ambitione
779 4275 813 4333 et
850 4270 1007 4333 bonorum
1046 4270 1275 4355 temporalium

225 4375 438 4457 jocunditate,
475 4378 700 4459 paupertatem
738 4373 960 4438 volunt-ariam
998 4377 1130 4457 propter
1169 4372 1276 4437 Deum

231 4479 400 4567 appetivit,
425 4482 459 4541 et
492 4475 704 4539 ecclesiast-ico
739 4475 843 4540 cultui
876 4474 1062 4559 divinisque
1096 4473 1208 4541 officiis
1240 4498 1274 4541 se

234 4684 333 4693 ——--
375 4680 823 4689 -.---—.-——--—-———
837 4681 906 4687 --...
923 4681 966 4686 -....
978 4680 990 4685 -
1098 4680 1145 4687 --...
1169 4681 1204 4687 —..
1224 4682 1274 4689 --

262 4791 388 4857 =aam1
404 4788 593 4851 manans.
750 4787 755 4854 ι
801 4788 1081 4854 summamus
1095 4788 1151 4840 ns.

1073 4884 1096 4933 Δ
1121 4873 1142 4933 2
