3264 5662
211 1154 300 1221 Itcra
338 1154 486 1242 qual-iter
530 1153 686 1242 reliquia
724 1153 836 1222 sanai
875 1152 1033 1235 Wiatcai,
1070 1152 1114 1220 ia
1152 1159 1264 1241 ipacot

301 1257 415 1324 rnisacc
451 1256 567 1323 ‘illicere
598 1257 671 1324 adrat
701 1264 909 1334 correcrvatcr,
941 1264 971 1324 ct
1003 1256 1152 1344 qualitor
1181 1264 1264 1324 testo

302 1360 427 1447 capitis
442 1360 483 1427 cb
497 1360 578 1447 ipae
593 1367 742 1429 attracta
765 1361 887 1429 corbas
902 1360 946 1428 ia
960 1367 1089 1429 ter-rona
1104 1361 1263 1429 sudorem

301 1463 459 1531 omiserit.

257 1633 352 1716 Qum
377 1635 479 1721 juxta
512 1634 691 1699 veridicam
715 1632 899 1700 Salvatoris
933 1634 1130 1700 senteutiam
1162 1640 1181 1670 “
1195 1656 1262 1699 non
1316 1648 1385 1700 nn.

211 1746 229 1772 ¹¹
244 1743 353 1824 potest
369 1738 486 1801 civitas
502 1737 656 1801 abscondi
675 1758 775 1822 supra
789 1742 937 1802 montem
959 1737 1097 1824 posita,''
1113 1739 1262 1825 egregius
1277 1722 1407 1851 Sssffi

213 1840 275 1905 Dei
309 1847 438 1924 martyr
460 1838 632 1904 Wistauus
670 1840 713 1903 ad
751 1840 987 1904 monasterium
1022 1839 1263 1907 Eveshamcnse
1276 1879 1301 1913 v,
1315 1868 1353 1914 14.

211 1944 400 2021 tmnslatus
439 1948 478 2007 ut
518 1964 613 2007 verus
650 1941 796 2026 ejusdem
834 1943 975 2008 eeclesiae
1013 1943 1192 2009 advocatus
1230 1966 1264 2009 se

212 2047 410 2111 mirabiliter
425 2046 596 2110 ostendere
611 2045 767 2131 dignatus
783 2051 841 2120 est,
853 2045 997 2110 Domino
1013 2068 1072 2132 pro
1087 2069 1125 2113 eo
1140 2046 1263 2112 ibidem

213 2150 403 2215 miraculoso
430 2155 593 2235 operante.
640 2149 750 2228 Quum
774 2149 862 2212 enim
885 2147 1051 2214 Walterus
1074 2149 1185 2230 abbas,
1207 2150 1263 2236 qui

212 2254 336 2338 primns
367 2252 646 2338 Francigemarum
682 2251 824 2316 ecclesiae
859 2251 993 2338 praefuit
1018 2252 1264 2333 Evoshamensi,

212 2355 333 2419 multas
357 2360 545 2419 sanctorum
571 2353 728 2439 reliquias
752 2352 788 2416 in
804 2354 917 2418 eadem
934 2354 1068 2419 ecclesia
1082 2354 1262 2419 invenisset

212 2479 286 2543 qum
312 2457 401 2543 apud
427 2456 583 2543 Anglioos
608 2478 683 2519 cum
707 2477 834 2520 summo
865 2457 986 2522 honore
1013 2463 1048 2521 et
1077 2456 1264 2522 reverentia

212 2560 463 2637 venerabantur,
489 2560 578 2623 intra
602 2581 635 2622 se
659 2558 889 2623 admirabatur
919 2559 1082 2645 quomodo
1111 2582 1192 2647 gens
1222 2559 1263 2624 dc

213 2670 265 2727 tot
276 2670 464 2728 sanctorum
475 2663 624 2727 virorum
640 2663 792 2748 prosapia
808 2667 881 2726 orta
896 2661 938 2726 ab
954 2662 1035 2749 ipsis
1051 2662 1264 2750 Francigeuis

212 2771 296 2831 osset
327 2765 492 2830 debellata
522 2770 557 2829 et
595 2765 643 2829 eis
673 2764 859 2852 subjugata.
925 2765 970 2830 Et
1010 2788 1120 2851 quum,
1154 2766 1264 2831 minus

212 2868 350 2956 diligens
373 2869 526 2933 veritatis
553 2872 785 2954 perscrutator,
815 2866 913 2952 hujus
937 2868 985 2933 rei
1009 2869 1171 2933 rationem
1196 2891 1262 2934 non

213 2972 385 3051 inveniret,
413 2971 557 3035 nesciens
584 2970 662 3055 quia
688 2970 750 3034 filii
777 2992 843 3033 nou
865 2970 1120 3035 ambulaverunt
1142 2972 1176 3035 in
1202 2971 1264 3034 viis

213 3074 349 3138 Domini
387 3074 473 3138 sicut
510 3073 767 3137 ambulaverunt
805 3078 915 3158 patres
954 3095 1075 3152 eorum,
1116 3079 1150 3138 et
1189 3073 1263 3137 ideo

213 3178 409 3241 invenerunt
431 3198 484 3241 eos
514 3176 602 3239 mala
640 3177 673 3239 in
712 3181 861 3239 extremo
898 3182 1053 3261 tempore,
1084 3177 1184 3262 coepit
1223 3175 1264 3239 dc

212 3280 444 3366 praedictarum
467 3279 677 3365 reliquiruum
701 3279 876 3342 sanctitate
907 3278 1067 3359 dubitare,
1092 3283 1126 3343 et
1149 3301 1169 3341 a
1198 3278 1264 3343 fide

213 3404 386 3447 conversus
417 3382 459 3445 ad
482 3380 718 3467 probationem,
753 3382 829 3463 (non
862 3380 1049 3466 intelligens
1079 3380 1263 3466 apostolum

213 3486 269 3570 qui
294 3486 383 3559 dicit,
408 3485 506 3547 Fides
531 3484 633 3549 habet
656 3484 811 3548 meritum
836 3483 888 3548 cui
914 3483 1060 3548 humana
1084 3484 1171 3548 natio
1196 3507 1261 3548 nou
1279 3485 1412 3566 [Glosran

214 3586 339 3673 praebet
357 3585 642 3672 experimentum)
659 3586 892 3671 praedictarurn
907 3585 1121 3671 reliquiarum
1144 3588 1263 3651 sancti-
1277 3554 1341 3685 ppp
1352 3570 1389 3606 '¹‘
1402 3562 1423 3617 ¹⁹

213 3694 318 3754 tatem
348 3689 423 3775 igue
461 3688 665 3775 probandam
699 3689 805 3775 magis
840 3709 940 3773 quam
977 3689 1031 3776 pie
1068 3689 1263 3755 credendam

213 3793 366 3869 decrerit,
398 3792 440 3856 ad
471 3792 587 3856 erroris
613 3792 665 3855 sui
689 3792 839 3855 velamen
861 3797 896 3855 et
922 3792 1165 3858 excusationem
1190 3814 1264 3858 cou-

212 3896 322 3959 silium
352 3895 478 3958 domini
506 3894 682 3958 Lanfranci
717 3900 797 3959 tunc
828 3894 985 3981 temporis
1017 3896 1264 3960 Cantuarionsis

212 3998 443 4084 archiepiscopi
469 3998 685 4083 praetendens,
713 4005 747 4061 et
770 4018 837 4060 non
864 3997 1041 4061 attendens
1065 3997 1152 4083 quod
1167 4020 1264 4084 gene·

213 4103 298 4166 ratio
328 4123 431 4187 prava
468 4106 501 4164 ot
532 4122 684 4186 perversa
715 4100 843 4185 signum
875 4099 1002 4185 quaerit.
1066 4099 1191 4164 Tamen
1222 4123 1263 4165 ne

212 4204 426 4291 Anglicorum
462 4203 608 4287 agitatus
639 4202 767 4265 invidia
797 4202 867 4265 haec
895 4224 990 4287 agere
1021 4201 1198 4278 videretur,
1229 4208 1263 4267 et

212 4307 291 4392 quia
306 4308 404 4370 timor
420 4305 556 4370 Domini
580 4327 678 4391 super
692 4326 804 4369 omnes
820 4309 878 4381 est,
894 4304 1086 4370 triduanum
1105 4306 1263 4370 fratribus

211 4409 337 4474 indixit
362 4408 535 4493 jejunium,
560 4407 682 4472 additis
705 4409 890 4471 orationum
913 4408 1087 4495 suffragiis,
1111 4415 1149 4473 ut
1172 4409 1263 4473 Deus

210 4513 402 4600 perignem
425 4510 638 4597 temporalem
661 4511 708 4574 eis
731 4510 919 4575 ostenderet
946 4532 1020 4596 quae
1045 4510 1193 4597 reliquiae
1219 4511 1261 4576 ab

208 4619 288 4703 igue
320 4622 476 4701 perpetuo
517 4614 650 4678 liberari
683 4620 717 4678 et
755 4615 842 4678 iuter
879 4613 1028 4678 homiues
1065 4615 1262 4679 sanctificari

209 4726 423 4785 mererentur.
470 4716 579 4803 Igitur
608 4717 697 4782 inter
720 4724 800 4802 sept
825 4740 844 4779 n
870 4716 1073 4782 Psalmorum
1098 4718 1263 4804 poeuiten-
