<?xml version="1.0" encoding="UTF-8"?>
<!DOCTYPE html PUBLIC "-//W3C//DTD XHTML 1.0 Transitional//EN"
    "http://www.w3.org/TR/xhtml1/DTD/xhtml1-transitional.dtd">
<html xmlns="http://www.w3.org/1999/xhtml" xml:lang="en" lang="en">
 <head>
  <title>
</title>
<meta http-equiv="Content-Type" content="text/html;charset=utf-8" />
  <meta name='ocr-system' content='tesseract 3.04.00' />
  <meta name='ocr-capabilities' content='ocr_page ocr_carea ocr_par ocr_line ocrx_word'/>
</head>
<body>
  <div class='ocr_page' id='page_1' title='image "./chroniconabbati00marlgoog_0348.png"; bbox 0 0 3264 5662; ppageno 0'>
   <div class='ocr_carea' id='block_1_1' title="bbox 404 776 1254 844">
    <p class='ocr_par' dir='ltr' id='par_1_1' title="bbox 404 776 1254 844">
     <span class='ocr_line' id='line_1_1' title="bbox 404 776 1254 844; baseline -0.002 0"><span class='ocrx_word' id='word_1_1' title='bbox 404 795 603 844; x_wconf 77' lang='lat' dir='ltr'><strong>canonicor</strong></span> <span class='ocrx_word' id='word_1_2' title='bbox 626 793 784 843; x_wconf 75' lang='lat' dir='ltr'><strong>sensnm</strong></span> <span class='ocrx_word' id='word_1_3' title='bbox 807 794 854 841; x_wconf 80' lang='lat' dir='ltr'><strong>nn</strong></span> <span class='ocrx_word' id='word_1_4' title='bbox 878 791 1045 843; x_wconf 76' lang='lat' dir='ltr'><strong>nvnsnas.</strong></span> <span class='ocrx_word' id='word_1_5' title='bbox 1189 776 1254 842; x_wconf 74' lang='lat'><strong>288</strong></span> 
     </span>
    </p>
   </div>
   <div class='ocr_carea' id='block_1_2' title="bbox 206 964 1421 4041">
    <p class='ocr_par' dir='ltr' id='par_1_2' title="bbox 212 964 1407 1365">
     <span class='ocr_line' id='line_1_2' title="bbox 213 964 1379 1056; baseline -0.003 -24"><span class='ocrx_word' id='word_1_6' title='bbox 213 976 326 1033; x_wconf 88' lang='lat' dir='ltr'><strong>torum.</strong></span> <span class='ocrx_word' id='word_1_7' title='bbox 389 970 577 1056; x_wconf 78' lang='lat' dir='ltr'><strong>Aequisivit</strong></span> <span class='ocrx_word' id='word_1_8' title='bbox 600 970 700 1034; x_wconf 83' lang='lat' dir='ltr'><strong>etiam</strong></span> <span class='ocrx_word' id='word_1_9' title='bbox 723 974 844 1034; x_wconf 86' lang='lat' dir='ltr'><strong>terram</strong></span> <span class='ocrx_word' id='word_1_10' title='bbox 868 969 1033 1056; x_wconf 87' lang='lat' dir='ltr'><strong>quandam</strong></span> <span class='ocrx_word' id='word_1_11' title='bbox 1059 989 1133 1032; x_wconf 90' lang='lat' dir='ltr'><strong>oum</strong></span> <span class='ocrx_word' id='word_1_12' title='bbox 1156 964 1257 1052; x_wconf 88' lang='lat' dir='ltr'><strong>perti·</strong></span> <span class='ocrx_word' id='word_1_13' title='bbox 1311 990 1379 1043; x_wconf 67' lang='lat' dir='ltr'><strong>AJ),</strong></span> 
     </span>
     <span class='ocr_line' id='line_1_3' title="bbox 212 1064 1407 1159; baseline -0.003 -25"><span class='ocrx_word' id='word_1_14' title='bbox 212 1072 333 1135; x_wconf 85' lang='lat' dir='ltr'><strong>nentiis</strong></span> <span class='ocrx_word' id='word_1_15' title='bbox 357 1077 390 1136; x_wconf 91' lang='lat' dir='ltr'><strong>et</strong></span> <span class='ocrx_word' id='word_1_16' title='bbox 417 1079 512 1159; x_wconf 87' lang='lat' dir='ltr'><strong>prato</strong></span> <span class='ocrx_word' id='word_1_17' title='bbox 543 1073 578 1136; x_wconf 91' lang='lat' dir='ltr'><strong>in</strong></span> <span class='ocrx_word' id='word_1_18' title='bbox 603 1073 681 1136; x_wconf 83' lang='lat' dir='ltr'><strong>villa</strong></span> <span class='ocrx_word' id='word_1_19' title='bbox 707 1073 746 1137; x_wconf 91' lang='lat' dir='ltr'>de</span> <span class='ocrx_word' id='word_1_20' title='bbox 774 1072 948 1138; x_wconf 84' lang='lat' dir='ltr'><strong>Bereforde</strong></span> <span class='ocrx_word' id='word_1_21' title='bbox 972 1094 1040 1136; x_wconf 87' lang='lat' dir='ltr'><strong>una</strong></span> <span class='ocrx_word' id='word_1_22' title='bbox 1062 1093 1135 1136; x_wconf 87' lang='lat' dir='ltr'><strong>cum</strong></span> <span class='ocrx_word' id='word_1_23' title='bbox 1159 1068 1258 1133; x_wconf 82' lang='lat' dir='ltr'><strong>advo·</strong></span> <span class='ocrx_word' id='word_1_24' title='bbox 1288 1064 1407 1110; x_wconf 54' lang='grc' dir='ltr'><strong>ΨΜ·</strong></span> 
     </span>
     <span class='ocr_line' id='line_1_4' title="bbox 212 1171 1260 1260; baseline -0.001 -24"><span class='ocrx_word' id='word_1_25' title='bbox 212 1175 337 1237; x_wconf 83' lang='lat' dir='ltr'><strong>catione</strong></span> <span class='ocrx_word' id='word_1_26' title='bbox 360 1175 501 1240; x_wconf 65' lang='lat' dir='ltr'><strong>ecclesiae</strong></span> <span class='ocrx_word' id='word_1_27' title='bbox 525 1176 565 1239; x_wconf 87' lang='lat' dir='ltr'>de</span> <span class='ocrx_word' id='word_1_28' title='bbox 592 1175 776 1251; x_wconf 86' lang='lat' dir='ltr'><strong>Bereforde‚</strong></span> <span class='ocrx_word' id='word_1_29' title='bbox 803 1181 837 1240; x_wconf 90' lang='lat' dir='ltr'><strong>et</strong></span> <span class='ocrx_word' id='word_1_30' title='bbox 860 1173 1057 1260; x_wconf 78' lang='lat' dir='ltr'><strong>asssignavit</strong></span> <span class='ocrx_word' id='word_1_31' title='bbox 1081 1196 1152 1239; x_wconf 87' lang='lat' dir='ltr'><strong>eam</strong></span> <span class='ocrx_word' id='word_1_32' title='bbox 1176 1171 1260 1237; x_wconf 90' lang='lat' dir='ltr'>elee-</span> 
     </span>
     <span class='ocr_line' id='line_1_5' title="bbox 212 1277 1259 1365; baseline -0.001 -25"><span class='ocrx_word' id='word_1_33' title='bbox 212 1280 412 1362; x_wconf 66' lang='lat' dir='ltr'><strong>mosynariae,</strong></span> <span class='ocrx_word' id='word_1_34' title='bbox 431 1302 505 1343; x_wconf 90' lang='lat' dir='ltr'><strong>oum</strong></span> <span class='ocrx_word' id='word_1_35' title='bbox 530 1280 683 1343; x_wconf 89' lang='lat' dir='ltr'><strong>omnibus</strong></span> <span class='ocrx_word' id='word_1_36' title='bbox 706 1279 860 1365; x_wconf 87' lang='lat' dir='ltr'><strong>proficuis</strong></span> <span class='ocrx_word' id='word_1_37' title='bbox 884 1285 918 1343; x_wconf 93' lang='lat' dir='ltr'><strong>et</strong></span> <span class='ocrx_word' id='word_1_38' title='bbox 941 1277 1171 1344; x_wconf 78' lang='lat' dir='ltr'>emolumentis</span> <span class='ocrx_word' id='word_1_39' title='bbox 1186 1297 1259 1362; x_wconf 81' lang='lat' dir='ltr'><strong>quae</strong></span> 
     </span>
    </p>

    <p class='ocr_par' dir='ltr' id='par_1_3' title="bbox 212 1379 1261 1559">
     <span class='ocr_line' id='line_1_6' title="bbox 212 1379 1261 1468; baseline -0.001 -24"><span class='ocrx_word' id='word_1_40' title='bbox 212 1379 250 1444; x_wconf 84' lang='lat' dir='ltr'>de</span> <span class='ocrx_word' id='word_1_41' title='bbox 273 1379 371 1444; x_wconf 83' lang='lat' dir='ltr'><strong>dictis</strong></span> <span class='ocrx_word' id='word_1_42' title='bbox 396 1381 493 1446; x_wconf 89' lang='lat' dir='ltr'><strong>terris</strong></span> <span class='ocrx_word' id='word_1_43' title='bbox 517 1387 550 1446; x_wconf 90' lang='lat' dir='ltr'><strong>et</strong></span> <span class='ocrx_word' id='word_1_44' title='bbox 573 1387 669 1467; x_wconf 85' lang='lat' dir='ltr'><strong>prato</strong></span> <span class='ocrx_word' id='word_1_45' title='bbox 692 1403 766 1446; x_wconf 91' lang='lat' dir='ltr'><strong>cum</strong></span> <span class='ocrx_word' id='word_1_46' title='bbox 796 1381 1009 1468; x_wconf 90' lang='lat' dir='ltr'><strong>pertinentiis</strong></span> <span class='ocrx_word' id='word_1_47' title='bbox 1040 1380 1172 1446; x_wconf 89' lang='lat' dir='ltr'><strong>evenire</strong></span> <span class='ocrx_word' id='word_1_48' title='bbox 1204 1401 1261 1464; x_wconf 90' lang='lat' dir='ltr'><strong>po·</strong></span> 
     </span>
     <span class='ocr_line' id='line_1_7' title="bbox 212 1482 1259 1559; baseline -0.003 -12"><span class='ocrx_word' id='word_1_49' title='bbox 212 1483 320 1559; x_wconf 77' lang='lat' dir='ltr'><strong>terint</strong></span> <span class='ocrx_word' id='word_1_50' title='bbox 345 1484 386 1548; x_wconf 73' lang='lat' dir='ltr'><strong>ml</strong></span> <span class='ocrx_word' id='word_1_51' title='bbox 410 1507 506 1549; x_wconf 88' lang='lat' dir='ltr'><strong>suum</strong></span> <span class='ocrx_word' id='word_1_52' title='bbox 530 1486 790 1549; x_wconf 85' lang='lat' dir='ltr'><strong>anniversarium</strong></span> <span class='ocrx_word' id='word_1_53' title='bbox 813 1485 1006 1549; x_wconf 86' lang='lat' dir='ltr'><strong>faciendum</strong></span> <span class='ocrx_word' id='word_1_54' title='bbox 1054 1483 1145 1548; x_wconf 90' lang='lat' dir='ltr'><strong>Emit</strong></span> <span class='ocrx_word' id='word_1_55' title='bbox 1160 1482 1259 1546; x_wconf 88' lang='lat' dir='ltr'><strong>etiam</strong></span> 
     </span>
    </p>

    <p class='ocr_par' dir='ltr' id='par_1_4' title="bbox 213 1584 1261 1675">
     <span class='ocr_line' id='line_1_8' title="bbox 213 1584 1261 1675; baseline -0.001 -26"><span class='ocrx_word' id='word_1_56' title='bbox 213 1586 292 1651; x_wconf 82' lang='lat' dir='ltr'><strong>alios</strong></span> <span class='ocrx_word' id='word_1_57' title='bbox 323 1588 474 1652; x_wconf 87' lang='lat' dir='ltr'><strong>redditus</strong></span> <span class='ocrx_word' id='word_1_58' title='bbox 513 1590 547 1653; x_wconf 93' lang='lat' dir='ltr'><strong>in</strong></span> <span class='ocrx_word' id='word_1_59' title='bbox 580 1589 755 1668; x_wconf 86' lang='lat' dir='ltr'><strong>Evesham,</strong></span> <span class='ocrx_word' id='word_1_60' title='bbox 792 1588 1041 1675; x_wconf 81' lang='lat' dir='ltr'><strong>Bengeworthe‚</strong></span> <span class='ocrx_word' id='word_1_61' title='bbox 1066 1592 1101 1651; x_wconf 91' lang='lat' dir='ltr'><strong>et</strong></span> <span class='ocrx_word' id='word_1_62' title='bbox 1125 1584 1261 1669; x_wconf 82' lang='lat' dir='ltr'><strong>Bedeby</strong></span> 
     </span>
    </p>

    <p class='ocr_par' dir='ltr' id='par_1_5' title="bbox 212 1688 1262 1860">
     <span class='ocr_line' id='line_1_9' title="bbox 212 1688 1262 1777; baseline -0.001 -25"><span class='ocrx_word' id='word_1_63' title='bbox 212 1694 244 1754; x_wconf 90' lang='lat' dir='ltr'><strong>et</strong></span> <span class='ocrx_word' id='word_1_64' title='bbox 267 1691 469 1777; x_wconf 80' lang='lat' dir='ltr'><strong>Ambresley,</strong></span> <span class='ocrx_word' id='word_1_65' title='bbox 498 1715 538 1755; x_wconf 81' lang='lat' dir='ltr'><strong>ex</strong></span> <span class='ocrx_word' id='word_1_66' title='bbox 563 1692 683 1777; x_wconf 88' lang='lat' dir='ltr'><strong>quibus</strong></span> <span class='ocrx_word' id='word_1_67' title='bbox 706 1692 838 1777; x_wconf 92' lang='lat' dir='ltr'><strong>quidem</strong></span> <span class='ocrx_word' id='word_1_68' title='bbox 862 1692 986 1777; x_wconf 84' lang='lat' dir='ltr'><strong>viginti</strong></span> <span class='ocrx_word' id='word_1_69' title='bbox 1009 1690 1129 1756; x_wconf 87' lang='lat' dir='ltr'><strong>solidos</strong></span> <span class='ocrx_word' id='word_1_70' title='bbox 1161 1688 1262 1774; x_wconf 84' lang='lat' dir='ltr'><strong>assig-</strong></span> 
     </span>
     <span class='ocr_line' id='line_1_10' title="bbox 212 1789 1261 1860; baseline -0.002 -5"><span class='ocrx_word' id='word_1_71' title='bbox 212 1793 306 1856; x_wconf 84' lang='lat' dir='ltr'><strong>navit</strong></span> <span class='ocrx_word' id='word_1_72' title='bbox 341 1793 384 1857; x_wconf 86' lang='lat' dir='ltr'><strong>ad</strong></span> <span class='ocrx_word' id='word_1_73' title='bbox 416 1796 650 1859; x_wconf 73' lang='lat' dir='ltr'>recreationem</span> <span class='ocrx_word' id='word_1_74' title='bbox 683 1801 867 1860; x_wconf 84' lang='lat' dir='ltr'><strong>&#39;conventus</strong></span> <span class='ocrx_word' id='word_1_75' title='bbox 898 1796 933 1858; x_wconf 91' lang='lat' dir='ltr'><strong>in</strong></span> <span class='ocrx_word' id='word_1_76' title='bbox 956 1795 1009 1858; x_wconf 86' lang='lat' dir='ltr'><strong>die</strong></span> <span class='ocrx_word' id='word_1_77' title='bbox 1044 1789 1261 1857; x_wconf 78' lang='lat' dir='ltr'><strong>anniversarii</strong></span> 
     </span>
    </p>

    <p class='ocr_par' dir='ltr' id='par_1_6' title="bbox 211 1895 1262 1985">
     <span class='ocr_line' id='line_1_11' title="bbox 211 1895 1262 1985; baseline -0.002 -26"><span class='ocrx_word' id='word_1_78' title='bbox 211 1895 267 1960; x_wconf 90' lang='lat' dir='ltr'><strong>sui.</strong></span> <span class='ocrx_word' id='word_1_79' title='bbox 316 1896 384 1962; x_wconf 88' lang='lat' dir='ltr'><strong>Iste</strong></span> <span class='ocrx_word' id='word_1_80' title='bbox 406 1898 506 1962; x_wconf 83' lang='lat' dir='ltr'><strong>etiam</strong></span> <span class='ocrx_word' id='word_1_81' title='bbox 522 1899 623 1963; x_wconf 84' lang='lat' dir='ltr'>abbas</span> <span class='ocrx_word' id='word_1_82' title='bbox 647 1899 849 1985; x_wconf 83' lang='lat' dir='ltr'><strong>comparavit</strong></span> <span class='ocrx_word' id='word_1_83' title='bbox 873 1897 913 1962; x_wconf 92' lang='lat' dir='ltr'>de</span> <span class='ocrx_word' id='word_1_84' title='bbox 936 1897 1068 1962; x_wconf 91' lang='lat' dir='ltr'><strong>domino</strong></span> <span class='ocrx_word' id='word_1_85' title='bbox 1084 1895 1262 1960; x_wconf 91' lang='lat' dir='ltr'><strong>Willielmo</strong></span> 
     </span>
    </p>

    <p class='ocr_par' dir='ltr' id='par_1_7' title="bbox 212 1998 1262 2293">
     <span class='ocr_line' id='line_1_12' title="bbox 212 1998 1262 2087; baseline -0.003 -23"><span class='ocrx_word' id='word_1_86' title='bbox 212 1998 251 2064; x_wconf 87' lang='lat' dir='ltr'><strong>de</strong></span> <span class='ocrx_word' id='word_1_87' title='bbox 268 1999 360 2063; x_wconf 81' lang='lat' dir='ltr'><strong>Bello</strong></span> <span class='ocrx_word' id='word_1_88' title='bbox 379 2000 502 2087; x_wconf 81' lang='lat' dir='ltr'><strong>Campo</strong></span> <span class='ocrx_word' id='word_1_89' title='bbox 519 2003 637 2066; x_wconf 79' lang='lat' dir='ltr'><strong>comite</strong></span> <span class='ocrx_word' id='word_1_90' title='bbox 650 2002 871 2086; x_wconf 81' lang='lat' dir='ltr'><strong>Warwichyae</strong></span> <span class='ocrx_word' id='word_1_91' title='bbox 880 2001 1065 2065; x_wconf 88' lang='lat' dir='ltr'><strong>manerium</strong></span> <span class='ocrx_word' id='word_1_92' title='bbox 1078 2000 1119 2064; x_wconf 90' lang='lat' dir='ltr'>de</span> <span class='ocrx_word' id='word_1_93' title='bbox 1136 1999 1262 2083; x_wconf 83' lang='lat' dir='ltr'><strong>Benge·</strong></span> 
     </span>
     <span class='ocr_line' id='line_1_13' title="bbox 212 2102 1261 2176; baseline 0 -11"><span class='ocrx_word' id='word_1_94' title='bbox 212 2102 347 2176; x_wconf 75' lang='lat' dir='ltr'><strong>worthe</strong></span> <span class='ocrx_word' id='word_1_95' title='bbox 363 2126 437 2168; x_wconf 88' lang='lat' dir='ltr'><strong>cum</strong></span> <span class='ocrx_word' id='word_1_96' title='bbox 453 2105 551 2168; x_wconf 82' lang='lat' dir='ltr'><strong>terris</strong></span> <span class='ocrx_word' id='word_1_97' title='bbox 574 2111 609 2169; x_wconf 91' lang='lat' dir='ltr'><strong>et</strong></span> <span class='ocrx_word' id='word_1_98' title='bbox 624 2105 822 2169; x_wconf 75' lang='lat' dir='ltr'><strong>tenementis</strong></span> <span class='ocrx_word' id='word_1_99' title='bbox 843 2110 877 2168; x_wconf 92' lang='lat' dir='ltr'><strong>et</strong></span> <span class='ocrx_word' id='word_1_100' title='bbox 898 2104 1049 2169; x_wconf 91' lang='lat' dir='ltr'><strong>omnibus</strong></span> <span class='ocrx_word' id='word_1_101' title='bbox 1072 2104 1114 2168; x_wconf 88' lang='lat' dir='ltr'><strong>ad</strong></span> <span class='ocrx_word' id='word_1_102' title='bbox 1137 2102 1261 2166; x_wconf 87' lang='lat' dir='ltr'><strong>dictum</strong></span> 
     </span>
     <span class='ocr_line' id='line_1_14' title="bbox 212 2204 1262 2293; baseline 0.001 -25"><span class='ocrx_word' id='word_1_103' title='bbox 212 2206 395 2271; x_wconf 86' lang='lat' dir='ltr'><strong>manerium</strong></span> <span class='ocrx_word' id='word_1_104' title='bbox 419 2208 668 2292; x_wconf 84' lang='lat' dir='ltr'><strong>pertinentibus.</strong></span> <span class='ocrx_word' id='word_1_105' title='bbox 729 2207 921 2293; x_wconf 86' lang='lat' dir='ltr'><strong>Aequisivit</strong></span> <span class='ocrx_word' id='word_1_106' title='bbox 943 2207 1044 2273; x_wconf 87' lang='lat' dir='ltr'><strong>etiam</strong></span> <span class='ocrx_word' id='word_1_107' title='bbox 1066 2205 1143 2270; x_wconf 88' lang='lat' dir='ltr'><strong>huic</strong></span> <span class='ocrx_word' id='word_1_108' title='bbox 1166 2204 1262 2270; x_wconf 88' lang='lat' dir='ltr'><strong>eccle·</strong></span> 
     </span>
    </p>

    <p class='ocr_par' dir='ltr' id='par_1_8' title="bbox 212 2308 1264 2807">
     <span class='ocr_line' id='line_1_15' title="bbox 212 2308 1263 2396; baseline 0 -24"><span class='ocrx_word' id='word_1_109' title='bbox 212 2308 268 2373; x_wconf 77' lang='lat' dir='ltr'><strong>sim</strong></span> <span class='ocrx_word' id='word_1_110' title='bbox 293 2308 374 2373; x_wconf 87' lang='lat' dir='ltr'><strong>duas</strong></span> <span class='ocrx_word' id='word_1_111' title='bbox 396 2332 501 2395; x_wconf 79' lang='lat' dir='ltr'><strong>capes,</strong></span> <span class='ocrx_word' id='word_1_112' title='bbox 518 2333 617 2375; x_wconf 87' lang='lat' dir='ltr'><strong>unam</strong></span> <span class='ocrx_word' id='word_1_113' title='bbox 641 2311 681 2375; x_wconf 82' lang='lat' dir='ltr'>de</span> <span class='ocrx_word' id='word_1_114' title='bbox 706 2311 852 2375; x_wconf 85' lang='lat' dir='ltr'><strong>examito</strong></span> <span class='ocrx_word' id='word_1_115' title='bbox 884 2332 1045 2396; x_wconf 88' lang='lat' dir='ltr'><strong>purpureo</strong></span> <span class='ocrx_word' id='word_1_116' title='bbox 1068 2331 1141 2373; x_wconf 88' lang='lat' dir='ltr'><strong>cum</strong></span> <span class='ocrx_word' id='word_1_117' title='bbox 1165 2308 1263 2372; x_wconf 86' lang='lat' dir='ltr'><strong>vinea</strong></span> 
     </span>
     <span class='ocr_line' id='line_1_16' title="bbox 212 2413 1260 2499; baseline 0.001 -25"><span class='ocrx_word' id='word_1_118' title='bbox 212 2433 312 2475; x_wconf 85' lang='lat' dir='ltr'>aurea</span> <span class='ocrx_word' id='word_1_119' title='bbox 343 2418 576 2499; x_wconf 73' lang='lat' dir='ltr'>supertextam,</span> <span class='ocrx_word' id='word_1_120' title='bbox 608 2419 642 2478; x_wconf 90' lang='lat' dir='ltr'><strong>et</strong></span> <span class='ocrx_word' id='word_1_121' title='bbox 676 2413 775 2478; x_wconf 84' lang='lat' dir='ltr'><strong>aliam</strong></span> <span class='ocrx_word' id='word_1_122' title='bbox 810 2414 850 2477; x_wconf 89' lang='lat' dir='ltr'>de</span> <span class='ocrx_word' id='word_1_123' title='bbox 881 2413 983 2478; x_wconf 87' lang='lat' dir='ltr'><strong>rubeo</strong></span> <span class='ocrx_word' id='word_1_124' title='bbox 1015 2413 1158 2478; x_wconf 86' lang='lat' dir='ltr'><strong>examito</strong></span> <span class='ocrx_word' id='word_1_125' title='bbox 1188 2432 1260 2476; x_wconf 88' lang='lat' dir='ltr'><strong>cum</strong></span> 
     </span>
     <span class='ocr_line' id='line_1_17' title="bbox 214 2514 1263 2602; baseline 0.001 -25"><span class='ocrx_word' id='word_1_126' title='bbox 214 2515 382 2600; x_wconf 80' lang='lat' dir='ltr'><strong>prophetis</strong></span> <span class='ocrx_word' id='word_1_127' title='bbox 421 2521 454 2580; x_wconf 89' lang='lat' dir='ltr'><strong>et</strong></span> <span class='ocrx_word' id='word_1_128' title='bbox 487 2517 618 2602; x_wconf 82' lang='lat' dir='ltr'><strong>regibus</strong></span> <span class='ocrx_word' id='word_1_129' title='bbox 656 2518 764 2581; x_wconf 87' lang='lat' dir='ltr'><strong>aureis</strong></span> <span class='ocrx_word' id='word_1_130' title='bbox 799 2522 834 2580; x_wconf 88' lang='lat' dir='ltr'><strong>et</strong></span> <span class='ocrx_word' id='word_1_131' title='bbox 866 2517 968 2580; x_wconf 85' lang='lat' dir='ltr'><strong>etiam</strong></span> <span class='ocrx_word' id='word_1_132' title='bbox 991 2514 1116 2580; x_wconf 86' lang='lat' dir='ltr'><strong>vinea¹</strong></span> <span class='ocrx_word' id='word_1_133' title='bbox 1153 2535 1263 2600; x_wconf 87' lang='lat' dir='ltr'><strong>super·</strong></span> 
     </span>
     <span class='ocr_line' id='line_1_18' title="bbox 213 2616 1264 2692; baseline -0.002 -10"><span class='ocrx_word' id='word_1_134' title='bbox 213 2623 350 2692; x_wconf 77' lang='lat' dir='ltr'><strong>textam,</strong></span> <span class='ocrx_word' id='word_1_135' title='bbox 391 2623 425 2682; x_wconf 91' lang='lat' dir='ltr'><strong>ct</strong></span> <span class='ocrx_word' id='word_1_136' title='bbox 456 2642 558 2683; x_wconf 87' lang='lat' dir='ltr'><strong>unam</strong></span> <span class='ocrx_word' id='word_1_137' title='bbox 582 2619 726 2684; x_wconf 84' lang='lat' dir='ltr'><strong>casulam</strong></span> <span class='ocrx_word' id='word_1_138' title='bbox 751 2619 791 2683; x_wconf 91' lang='lat' dir='ltr'><strong>de</strong></span> <span class='ocrx_word' id='word_1_139' title='bbox 811 2619 887 2684; x_wconf 92' lang='lat' dir='ltr'><strong>albo</strong></span> <span class='ocrx_word' id='word_1_140' title='bbox 909 2618 1012 2684; x_wconf 85' lang='lat' dir='ltr'><strong>serico</strong></span> <span class='ocrx_word' id='word_1_141' title='bbox 1036 2641 1111 2684; x_wconf 89' lang='lat' dir='ltr'><strong>cum</strong></span> <span class='ocrx_word' id='word_1_142' title='bbox 1135 2616 1264 2682; x_wconf 88' lang='lat' dir='ltr'><strong>duabus</strong></span> 
     </span>
     <span class='ocr_line' id='line_1_19' title="bbox 213 2720 1262 2807; baseline -0.001 -23"><span class='ocrx_word' id='word_1_143' title='bbox 213 2720 334 2785; x_wconf 89' lang='lat' dir='ltr'><strong>tunicis</strong></span> <span class='ocrx_word' id='word_1_144' title='bbox 372 2721 412 2785; x_wconf 90' lang='lat' dir='ltr'><strong>dc</strong></span> <span class='ocrx_word' id='word_1_145' title='bbox 444 2721 604 2786; x_wconf 76' lang='lat' dir='ltr'><strong>consimili</strong></span> <span class='ocrx_word' id='word_1_146' title='bbox 642 2743 760 2807; x_wconf 87' lang='lat' dir='ltr'><strong>panno,</strong></span> <span class='ocrx_word' id='word_1_147' title='bbox 792 2726 826 2785; x_wconf 89' lang='lat' dir='ltr'><strong>ct</strong></span> <span class='ocrx_word' id='word_1_148' title='bbox 857 2743 959 2785; x_wconf 87' lang='lat' dir='ltr'><strong>unam</strong></span> <span class='ocrx_word' id='word_1_149' title='bbox 992 2721 1102 2785; x_wconf 84' lang='lat' dir='ltr'>albam</span> <span class='ocrx_word' id='word_1_150' title='bbox 1133 2720 1262 2785; x_wconf 83' lang='lat' dir='ltr'><strong>bonam.</strong></span> 
     </span>
    </p>

    <p class='ocr_par' dir='ltr' id='par_1_9' title="bbox 214 2821 1263 2910">
     <span class='ocr_line' id='line_1_20' title="bbox 214 2821 1263 2910; baseline 0.002 -24"><span class='ocrx_word' id='word_1_151' title='bbox 214 2821 283 2888; x_wconf 86' lang='lat' dir='ltr'><strong>Istc</strong></span> <span class='ocrx_word' id='word_1_152' title='bbox 307 2822 407 2887; x_wconf 83' lang='lat' dir='ltr'><strong>otiam</strong></span> <span class='ocrx_word' id='word_1_153' title='bbox 431 2824 532 2888; x_wconf 86' lang='lat' dir='ltr'>abbas</span> <span class='ocrx_word' id='word_1_154' title='bbox 556 2824 709 2910; x_wconf 82' lang='lat' dir='ltr'><strong>primitus</strong></span> <span class='ocrx_word' id='word_1_155' title='bbox 732 2824 819 2889; x_wconf 84' lang='lat' dir='ltr'><strong>inter</strong></span> <span class='ocrx_word' id='word_1_156' title='bbox 841 2824 1022 2890; x_wconf 70' lang='lat' dir='ltr'><strong>confratres</strong></span> <span class='ocrx_word' id='word_1_157' title='bbox 1044 2824 1142 2888; x_wconf 86' lang='lat' dir='ltr'><strong>istius</strong></span> <span class='ocrx_word' id='word_1_158' title='bbox 1165 2822 1263 2888; x_wconf 84' lang='lat' dir='ltr'><strong>eccle-</strong></span> 
     </span>
    </p>

    <p class='ocr_par' dir='ltr' id='par_1_10' title="bbox 208 2925 1266 3217">
     <span class='ocr_line' id='line_1_21' title="bbox 208 2925 1263 3014; baseline 0.001 -25"><span class='ocrx_word' id='word_1_159' title='bbox 208 2925 267 2991; x_wconf 63' lang='lat' dir='ltr'><strong>siae</strong></span> <span class='ocrx_word' id='word_1_160' title='bbox 296 2926 483 2991; x_wconf 83' lang='lat' dir='ltr'><strong>sacerdotio</strong></span> <span class='ocrx_word' id='word_1_161' title='bbox 510 2933 679 3012; x_wconf 88' lang='lat' dir='ltr'><strong>promotos</strong></span> <span class='ocrx_word' id='word_1_162' title='bbox 702 2926 922 3013; x_wconf 74' lang='lat' dir='ltr'><strong>prichpott0s²</strong></span> <span class='ocrx_word' id='word_1_163' title='bbox 952 2926 1143 3014; x_wconf 86' lang='lat' dir='ltr'><strong>participari</strong></span> <span class='ocrx_word' id='word_1_164' title='bbox 1177 2925 1263 2991; x_wconf 90' lang='lat' dir='ltr'><strong>ordi-</strong></span> 
     </span>
     <span class='ocr_line' id='line_1_22' title="bbox 215 3029 1264 3115; baseline -0.001 -23"><span class='ocrx_word' id='word_1_165' title='bbox 215 3029 330 3092; x_wconf 84' lang='lat' dir='ltr'><strong>navit:</strong></span> <span class='ocrx_word' id='word_1_166' title='bbox 367 3029 509 3104; x_wconf 89' lang='lat' dir='ltr'><strong>cuilibet,</strong></span> <span class='ocrx_word' id='word_1_167' title='bbox 535 3029 697 3108; x_wconf 80' lang='lat' dir='ltr'><strong>videlicet,</strong></span> <span class='ocrx_word' id='word_1_168' title='bbox 731 3030 892 3094; x_wconf 86' lang='lat' dir='ltr'><strong>monacho</strong></span> <span class='ocrx_word' id='word_1_169' title='bbox 927 3029 1025 3115; x_wconf 85' lang='lat' dir='ltr'><strong>hujus</strong></span> <span class='ocrx_word' id='word_1_170' title='bbox 1057 3029 1197 3095; x_wconf 87' lang='lat' dir='ltr'><strong>coenobii</strong></span> <span class='ocrx_word' id='word_1_171' title='bbox 1228 3029 1264 3092; x_wconf 91' lang='lat' dir='ltr'><strong>in</strong></span> 
     </span>
     <span class='ocr_line' id='line_1_23' title="bbox 214 3130 1266 3217; baseline 0.002 -23"><span class='ocrx_word' id='word_1_172' title='bbox 214 3130 442 3216; x_wconf 85' lang='lat' dir='ltr'><strong>presbyterum</strong></span> <span class='ocrx_word' id='word_1_173' title='bbox 466 3131 624 3208; x_wconf 86' lang='lat' dir='ltr'><strong>ordinato,</strong></span> <span class='ocrx_word' id='word_1_174' title='bbox 657 3132 779 3217; x_wconf 83' lang='lat' dir='ltr'>absque</span> <span class='ocrx_word' id='word_1_175' title='bbox 802 3133 868 3196; x_wconf 83' lang='lat' dir='ltr'><strong>alia</strong></span> <span class='ocrx_word' id='word_1_176' title='bbox 890 3133 1045 3197; x_wconf 81' lang='lat' dir='ltr'><strong>cervisia³</strong></span> <span class='ocrx_word' id='word_1_177' title='bbox 1068 3132 1131 3196; x_wconf 89' lang='lat' dir='ltr'><strong>sibi</strong></span> <span class='ocrx_word' id='word_1_178' title='bbox 1164 3132 1266 3217; x_wconf 87' lang='lat' dir='ltr'>depu-</span> 
     </span>
    </p>

    <p class='ocr_par' dir='ltr' id='par_1_11' title="bbox 213 3233 1265 3424">
     <span class='ocr_line' id='line_1_24' title="bbox 215 3233 1265 3322; baseline -0.001 -24"><span class='ocrx_word' id='word_1_179' title='bbox 215 3240 294 3309; x_wconf 83' lang='lat' dir='ltr'><strong>tate,</strong></span> <span class='ocrx_word' id='word_1_180' title='bbox 328 3235 418 3297; x_wconf 86' lang='lat' dir='ltr'><strong>omni</strong></span> <span class='ocrx_word' id='word_1_181' title='bbox 450 3234 637 3319; x_wconf 86' lang='lat' dir='ltr'><strong>septimana</strong></span> <span class='ocrx_word' id='word_1_182' title='bbox 672 3236 753 3298; x_wconf 88' lang='lat' dir='ltr'><strong>duos</strong></span> <span class='ocrx_word' id='word_1_183' title='bbox 784 3235 995 3322; x_wconf 83' lang='lat' dir='ltr'><strong>prichpottos,</strong></span> <span class='ocrx_word' id='word_1_184' title='bbox 1022 3241 1095 3300; x_wconf 85' lang='lat' dir='ltr'><strong>octo</strong></span> <span class='ocrx_word' id='word_1_185' title='bbox 1132 3233 1265 3319; x_wconf 79' lang='lat' dir='ltr'><strong>lagenas</strong></span> 
     </span>
     <span class='ocr_line' id='line_1_25' title="bbox 213 3336 1265 3424; baseline -0.002 -22"><span class='ocrx_word' id='word_1_186' title='bbox 213 3336 379 3402; x_wconf 71' lang='lat' dir='ltr'><strong>cervisize³</strong></span> <span class='ocrx_word' id='word_1_187' title='bbox 395 3338 611 3415; x_wconf 76' lang='lat' dir='ltr'><strong>continentes,</strong></span> <span class='ocrx_word' id='word_1_188' title='bbox 621 3338 661 3402; x_wconf 86' lang='lat' dir='ltr'>de</span> <span class='ocrx_word' id='word_1_189' title='bbox 671 3339 836 3402; x_wconf 89' lang='lat' dir='ltr'><strong>communi</strong></span> <span class='ocrx_word' id='word_1_190' title='bbox 852 3337 1005 3403; x_wconf 84' lang='lat' dir='ltr'><strong>cellario⁴</strong></span> <span class='ocrx_word' id='word_1_191' title='bbox 1020 3337 1265 3424; x_wconf 86' lang='lat' dir='ltr'><strong>percipiendes;</strong></span> 
     </span>
    </p>

    <p class='ocr_par' dir='ltr' id='par_1_12' title="bbox 206 3440 1421 4041">
     <span class='ocr_line' id='line_1_26' title="bbox 213 3440 1266 3528; baseline -0.001 -23"><span class='ocrx_word' id='word_1_192' title='bbox 213 3440 301 3526; x_wconf 84' lang='lat' dir='ltr'><strong>prior</strong></span> <span class='ocrx_word' id='word_1_193' title='bbox 333 3462 410 3504; x_wconf 86' lang='lat' dir='ltr'><strong>vero</strong></span> <span class='ocrx_word' id='word_1_194' title='bbox 452 3447 594 3525; x_wconf 59' lang='lat' dir='ltr'><strong>fluctuor</strong></span> <span class='ocrx_word' id='word_1_195' title='bbox 626 3442 774 3527; x_wconf 88' lang='lat' dir='ltr'><strong>qualibet</strong></span> <span class='ocrx_word' id='word_1_196' title='bbox 806 3442 990 3528; x_wconf 81' lang='lat' dir='ltr'><strong>septimana</strong></span> <span class='ocrx_word' id='word_1_197' title='bbox 1021 3442 1159 3527; x_wconf 82' lang='lat' dir='ltr'><strong>accipiat</strong></span> <span class='ocrx_word' id='word_1_198' title='bbox 1194 3462 1266 3505; x_wconf 86' lang='lat' dir='ltr'><strong>sex·</strong></span> 
     </span>
     <span class='ocr_line' id='line_1_27' title="bbox 210 3543 1266 3630; baseline 0 -22"><span class='ocrx_word' id='word_1_199' title='bbox 210 3543 319 3609; x_wconf 88' lang='lat' dir='ltr'><strong>decim</strong></span> <span class='ocrx_word' id='word_1_200' title='bbox 355 3543 553 3629; x_wconf 81' lang='lat' dir='ltr'><strong>lagenarum.</strong></span> <span class='ocrx_word' id='word_1_201' title='bbox 611 3543 656 3608; x_wconf 88' lang='lat' dir='ltr'><strong>Et</strong></span> <span class='ocrx_word' id='word_1_202' title='bbox 686 3552 860 3630; x_wconf 83' lang='lat' dir='ltr'><strong>postquam</strong></span> <span class='ocrx_word' id='word_1_203' title='bbox 890 3545 1053 3610; x_wconf 83' lang='lat' dir='ltr'><strong>sexdecim</strong></span> <span class='ocrx_word' id='word_1_204' title='bbox 1075 3566 1181 3609; x_wconf 88' lang='lat' dir='ltr'><strong>annos</strong></span> <span class='ocrx_word' id='word_1_205' title='bbox 1202 3543 1266 3608; x_wconf 87' lang='lat' dir='ltr'><strong>iste</strong></span> 
     </span>
     <span class='ocr_line' id='line_1_28' title="bbox 209 3645 1421 3734; baseline 0.003 -23"><span class='ocrx_word' id='word_1_206' title='bbox 209 3647 316 3711; x_wconf 81' lang='lat' dir='ltr'>abbas</span> <span class='ocrx_word' id='word_1_207' title='bbox 339 3645 416 3711; x_wconf 89' lang='lat' dir='ltr'><strong>huic</strong></span> <span class='ocrx_word' id='word_1_208' title='bbox 441 3647 581 3711; x_wconf 73' lang='lat' dir='ltr'><strong>ecclesiae</strong></span> <span class='ocrx_word' id='word_1_209' title='bbox 611 3647 792 3732; x_wconf 84' lang='lat' dir='ltr'><strong>prudenter</strong></span> <span class='ocrx_word' id='word_1_210' title='bbox 815 3647 1017 3734; x_wconf 65' lang='lat' dir='ltr'><strong>praefuisset5</strong></span> <span class='ocrx_word' id='word_1_211' title='bbox 1039 3649 1138 3713; x_wconf 89' lang='lat' dir='ltr'><strong>tertio</strong></span> <span class='ocrx_word' id='word_1_212' title='bbox 1161 3668 1266 3713; x_wconf 82' lang='lat' dir='ltr'><strong>nonas</strong></span> <span class='ocrx_word' id='word_1_213' title='bbox 1278 3653 1421 3716; x_wconf 68' lang='lat' dir='ltr'><strong>nicaeam,</strong></span> 
     </span>
     <span class='ocr_line' id='line_1_29' title="bbox 210 3723 1375 3840; baseline 0.003 -28"><span class='ocrx_word' id='word_1_214' title='bbox 210 3747 378 3836; x_wconf 76' lang='lat' dir='ltr'><strong>Angusti⁶</strong></span> <span class='ocrx_word' id='word_1_215' title='bbox 401 3750 505 3813; x_wconf 78' lang='lat' dir='ltr'><strong>vitam</strong></span> <span class='ocrx_word' id='word_1_216' title='bbox 531 3750 630 3814; x_wconf 85' lang='lat' dir='ltr'><strong>istam</strong></span> <span class='ocrx_word' id='word_1_217' title='bbox 654 3752 869 3837; x_wconf 86' lang='lat' dir='ltr'><strong>temporalem</strong></span> <span class='ocrx_word' id='word_1_218' title='bbox 892 3775 951 3838; x_wconf 91' lang='lat' dir='ltr'><strong>pro</strong></span> <span class='ocrx_word' id='word_1_219' title='bbox 974 3758 1099 3817; x_wconf 70' lang='lat' dir='ltr'><strong>eterna</strong></span> <span class='ocrx_word' id='word_1_220' title='bbox 1121 3772 1265 3817; x_wconf 88' lang='lat' dir='ltr'><strong>commu·</strong></span> <span class='ocrx_word' id='word_1_221' title='bbox 1278 3723 1375 3840; x_wconf 43' lang='grc' dir='ltr'><strong>ῗίέζῧ</strong></span> 
     </span>
     <span class='ocr_line' id='line_1_30' title="bbox 206 3850 1265 3926; baseline 0.003 -10"><span class='ocrx_word' id='word_1_222' title='bbox 206 3850 333 3926; x_wconf 80' lang='lat' dir='ltr'><strong>tavit‚⁷</strong></span> <span class='ocrx_word' id='word_1_223' title='bbox 349 3874 435 3917; x_wconf 85' lang='lat' dir='ltr'><strong>anno</strong></span> <span class='ocrx_word' id='word_1_224' title='bbox 464 3853 619 3918; x_wconf 85' lang='lat' dir='ltr'><strong>videlicet</strong></span> <span class='ocrx_word' id='word_1_225' title='bbox 659 3855 793 3918; x_wconf 86' lang='lat' dir='ltr'><strong>Domini</strong></span> <span class='ocrx_word' id='word_1_226' title='bbox 833 3855 1005 3921; x_wconf 90' lang='lat' dir='ltr'><strong>millesimo</strong></span> <span class='ocrx_word' id='word_1_227' title='bbox 1044 3855 1265 3921; x_wconf 86' lang='lat' dir='ltr'><strong>ducentesimo</strong></span> 
     </span>
     <span class='ocr_line' id='line_1_31' title="bbox 214 3956 586 4041; baseline 0 -21"><span class='ocrx_word' id='word_1_228' title='bbox 214 3956 413 4041; x_wconf 83' lang='lat' dir='ltr'><strong>octogesimo</strong></span> <span class='ocrx_word' id='word_1_229' title='bbox 437 3956 586 4020; x_wconf 87' lang='lat' dir='ltr'><strong>secundo.</strong></span> 
     </span>
    </p>
   </div>
   <div class='ocr_carea' id='block_1_3' title="bbox 225 4145 712 4156">
    <p class='ocr_par' dir='ltr' id='par_1_13' title="bbox 225 4145 712 4156">
     <span class='ocr_line' id='line_1_32' title="bbox 225 4145 712 4156; baseline 0.006 -3"><span class='ocrx_word' id='word_1_230' title='bbox 225 4145 354 4154; x_wconf 73' lang='lat'><em>-----——.-</em></span> <span class='ocrx_word' id='word_1_231' title='bbox 368 4148 425 4156; x_wconf 72' lang='grc'><strong>---</strong></span> <span class='ocrx_word' id='word_1_232' title='bbox 469 4151 480 4155; x_wconf 85' lang='grc'><strong>--</strong></span> <span class='ocrx_word' id='word_1_233' title='bbox 495 4151 535 4156; x_wconf 48' lang='grc' dir='ltr'><strong>-.μ</strong></span> <span class='ocrx_word' id='word_1_234' title='bbox 551 4150 595 4156; x_wconf 83' lang='grc'>.---</span> <span class='ocrx_word' id='word_1_235' title='bbox 619 4151 668 4156; x_wconf 76' lang='grc'><strong>.---</strong></span> <span class='ocrx_word' id='word_1_236' title='bbox 682 4152 685 4155; x_wconf 96' lang='grc'>.</span> <span class='ocrx_word' id='word_1_237' title='bbox 699 4152 712 4156; x_wconf 79' lang='lat'><strong>..</strong></span> 
     </span>
    </p>
   </div>
   <div class='ocr_carea' id='block_1_4' title="bbox 205 4257 1269 4877">
    <p class='ocr_par' dir='ltr' id='par_1_14' title="bbox 205 4257 1269 4877">
     <span class='ocr_line' id='line_1_33' title="bbox 250 4257 1267 4347; baseline 0.007 -43"><span class='ocrx_word' id='word_1_238' title='bbox 250 4257 256 4287; x_wconf 84' lang='lat'>¹</span> <span class='ocrx_word' id='word_1_239' title='bbox 275 4260 357 4325; x_wconf 64' lang='lat' dir='ltr'><strong>einen]</strong></span> <span class='ocrx_word' id='word_1_240' title='bbox 373 4262 479 4319; x_wconf 61' lang='lat' dir='ltr'><strong>tineam,</strong></span> <span class='ocrx_word' id='word_1_241' title='bbox 493 4261 547 4309; x_wconf 55' lang='lat' dir='ltr'><strong>MS.</strong></span> <span class='ocrx_word' id='word_1_242' title='bbox 742 4302 745 4347; x_wconf 69' lang='grc' dir='ltr'>Ι</span> <span class='ocrx_word' id='word_1_243' title='bbox 804 4263 814 4288; x_wconf 89' lang='lat'>‘</span> <span class='ocrx_word' id='word_1_244' title='bbox 832 4265 865 4310; x_wconf 65' lang='lat' dir='ltr'><strong>So</strong></span> <span class='ocrx_word' id='word_1_245' title='bbox 874 4261 926 4311; x_wconf 77' lang='lat' dir='ltr'><strong>also</strong></span> <span class='ocrx_word' id='word_1_246' title='bbox 936 4263 1005 4314; x_wconf 79' lang='lat' dir='ltr'><strong>liarl.</strong></span> <span class='ocrx_word' id='word_1_247' title='bbox 1014 4265 1063 4312; x_wconf 81' lang='lat' dir='ltr'><strong>end</strong></span> <span class='ocrx_word' id='word_1_248' title='bbox 1072 4264 1158 4312; x_wconf 78' lang='lat' dir='ltr'><strong>Viieil.</strong></span> <span class='ocrx_word' id='word_1_249' title='bbox 1167 4264 1195 4313; x_wconf 69' lang='grc' dir='ltr'><strong>Κ</strong></span> <span class='ocrx_word' id='word_1_250' title='bbox 1205 4266 1267 4313; x_wconf 75' lang='lat' dir='ltr'><strong>xvii.</strong></span> 
     </span>
     <span class='ocr_line' id='line_1_34' title="bbox 252 4339 1268 4421; baseline 0.005 -32"><span class='ocrx_word' id='word_1_251' title='bbox 252 4340 370 4390; x_wconf 76' lang='lat' dir='ltr'><strong>²&#39;‘Nem</strong></span> <span class='ocrx_word' id='word_1_252' title='bbox 388 4343 418 4390; x_wconf 86' lang='lat' dir='ltr'><strong>de</strong></span> <span class='ocrx_word' id='word_1_253' title='bbox 442 4340 615 4405; x_wconf 77' lang='lat' dir='ltr'><strong>prichpouis,&#39;’</strong></span> <span class='ocrx_word' id='word_1_254' title='bbox 632 4339 714 4388; x_wconf 67' lang='lat' dir='ltr'><strong>ratris·</strong></span> <span class='ocrx_word' id='word_1_255' title='bbox 742 4356 746 4421; x_wconf 44' lang='grc' dir='ltr'>ἐ</span> <span class='ocrx_word' id='word_1_256' title='bbox 773 4344 822 4390; x_wconf 81' lang='lat' dir='ltr'><strong>and</strong></span> <span class='ocrx_word' id='word_1_257' title='bbox 850 4343 895 4391; x_wconf 83' lang='lat' dir='ltr'><strong>xii.</strong></span> <span class='ocrx_word' id='word_1_258' title='bbox 924 4343 989 4392; x_wconf 83' lang='lat' dir='ltr'><strong>cited</strong></span> <span class='ocrx_word' id='word_1_259' title='bbox 1013 4343 1038 4390; x_wconf 90' lang='lat' dir='ltr'><strong>in</strong></span> <span class='ocrx_word' id='word_1_260' title='bbox 1064 4344 1184 4393; x_wconf 66' lang='lat' dir='ltr'><strong>Iambeth</strong></span> <span class='ocrx_word' id='word_1_261' title='bbox 1205 4350 1268 4402; x_wconf 74' lang='grc'><strong>589;</strong></span> 
     </span>
     <span class='ocr_line' id='line_1_35' title="bbox 205 4422 1269 4488; baseline 0.008 -21"><span class='ocrx_word' id='word_1_262' title='bbox 205 4422 238 4467; x_wconf 73' lang='lat' dir='ltr'><strong>in</strong></span> <span class='ocrx_word' id='word_1_263' title='bbox 252 4439 325 4487; x_wconf 67' lang='lat' dir='ltr'><strong>rainy.</strong></span> <span class='ocrx_word' id='word_1_264' title='bbox 742 4430 745 4455; x_wconf 75' lang='lat'>⁸</span> <span class='ocrx_word' id='word_1_265' title='bbox 777 4423 1269 4488; x_wconf 47' lang='lat' dir='ltr'><strong>lring..Ann.ii&#39;igom.‚inii&#39;barton&#39;s</strong></span> 
     </span>
     <span class='ocr_line' id='line_1_36' title="bbox 250 4501 1134 4566; baseline 0.002 -15"><span class='ocrx_word' id='word_1_266' title='bbox 250 4503 258 4529; x_wconf 84' lang='lat'>¹</span> <span class='ocrx_word' id='word_1_267' title='bbox 275 4505 398 4552; x_wconf 68' lang='lat' dir='ltr'><strong>cen-ain.</strong></span> <span class='ocrx_word' id='word_1_268' title='bbox 417 4541 423 4551; x_wconf 85' lang='lat'><strong>.</strong></span> <span class='ocrx_word' id='word_1_269' title='bbox 441 4540 448 4552; x_wconf 90' lang='lat'>.</span> <span class='ocrx_word' id='word_1_270' title='bbox 466 4501 587 4566; x_wconf 56' lang='lat' dir='ltr'><strong>cervisia]</strong></span> <span class='ocrx_word' id='word_1_271' title='bbox 609 4503 714 4552; x_wconf 81' lang='lat' dir='ltr'><strong>servicia</strong></span> <span class='ocrx_word' id='word_1_272' title='bbox 774 4503 852 4566; x_wconf 76' lang='lat' dir='ltr'><strong>Angl.</strong></span> <span class='ocrx_word' id='word_1_273' title='bbox 874 4504 929 4551; x_wconf 79' lang='lat' dir='ltr'><strong>Sec.</strong></span> <span class='ocrx_word' id='word_1_274' title='bbox 945 4504 992 4551; x_wconf 76' lang='lat' dir='ltr'><strong>rol.</strong></span> <span class='ocrx_word' id='word_1_275' title='bbox 1007 4503 1030 4561; x_wconf 83' lang='lat' dir='ltr'><strong>i,</strong></span> <span class='ocrx_word' id='word_1_276' title='bbox 1042 4519 1065 4566; x_wconf 86' lang='lat' dir='ltr'><strong>p.</strong></span> <span class='ocrx_word' id='word_1_277' title='bbox 1079 4509 1134 4553; x_wconf 74' lang='lat'>506.</span> 
     </span>
     <span class='ocr_line' id='line_1_37' title="bbox 210 4585 1269 4677; baseline 0.032 -47"><span class='ocrx_word' id='word_1_278' title='bbox 210 4615 226 4630; x_wconf 81' lang='grc'><strong>.</strong></span> <span class='ocrx_word' id='word_1_279' title='bbox 244 4621 250 4634; x_wconf 86' lang='grc'><em>,</em></span> <span class='ocrx_word' id='word_1_280' title='bbox 268 4623 274 4634; x_wconf 93' lang='grc'><strong>.</strong></span> <span class='ocrx_word' id='word_1_281' title='bbox 293 4585 482 4674; x_wconf 43' lang='grc' dir='ltr'><strong>εεπξεὶωῶίξ.</strong></span> <span class='ocrx_word' id='word_1_282' title='bbox 545 4667 550 4677; x_wconf 26' lang='lat'>¹</span> <span class='ocrx_word' id='word_1_283' title='bbox 743 4626 746 4663; x_wconf 84' lang='lat'>;</span> <span class='ocrx_word' id='word_1_284' title='bbox 808 4610 905 4656; x_wconf 75' lang='lat' dir='ltr'><strong>’eitam</strong></span> <span class='ocrx_word' id='word_1_285' title='bbox 924 4646 930 4658; x_wconf 94' lang='lat'>.</span> <span class='ocrx_word' id='word_1_286' title='bbox 947 4647 954 4661; x_wconf 91' lang='lat'><strong>.</strong></span> <span class='ocrx_word' id='word_1_287' title='bbox 973 4645 979 4659; x_wconf 91' lang='lat'><em>.</em></span> <span class='ocrx_word' id='word_1_288' title='bbox 998 4645 1004 4660; x_wconf 92' lang='lat'>.</span> <span class='ocrx_word' id='word_1_289' title='bbox 1020 4611 1188 4676; x_wconf 69' lang='lat' dir='ltr'><strong>mutavit]</strong></span> <span class='ocrx_word' id='word_1_290' title='bbox 1207 4612 1269 4664; x_wconf 79' lang='lat' dir='ltr'><strong>obiit</strong></span> 
     </span>
     <span class='ocr_line' id='line_1_38' title="bbox 250 4664 939 4740; baseline 0.006 -27"><span class='ocrx_word' id='word_1_291' title='bbox 250 4664 384 4727; x_wconf 51' lang='lat' dir='ltr'><strong>wellam]</strong></span> <span class='ocrx_word' id='word_1_292' title='bbox 399 4664 560 4721; x_wconf 47' lang='lat' dir='ltr'><strong>wimodia</strong></span> <span class='ocrx_word' id='word_1_293' title='bbox 743 4714 747 4739; x_wconf 63' lang='grc' dir='ltr'>Ι</span> <span class='ocrx_word' id='word_1_294' title='bbox 774 4697 855 4740; x_wconf 54' lang='lat' dir='ltr'><strong>amem</strong></span> <span class='ocrx_word' id='word_1_295' title='bbox 875 4689 939 4739; x_wconf 58' lang='lat' dir='ltr'><strong>Harl</strong></span> 
     </span>
     <span class='ocr_line' id='line_1_39' title="bbox 251 4728 947 4847; baseline 0.003 -54"><span class='ocrx_word' id='word_1_296' title='bbox 251 4743 500 4796; x_wconf 63' lang='lat' dir='ltr'><strong>’muramutha</strong></span> <span class='ocrx_word' id='word_1_297' title='bbox 518 4782 524 4794; x_wconf 93' lang='lat'>.</span> <span class='ocrx_word' id='word_1_298' title='bbox 543 4744 713 4811; x_wconf 72' lang='lat' dir='ltr'><strong>.praesuimt]</strong></span> <span class='ocrx_word' id='word_1_299' title='bbox 743 4742 748 4847; x_wconf 43' lang='lat' dir='ltr'><strong>i</strong></span> <span class='ocrx_word' id='word_1_300' title='bbox 857 4728 862 4738; x_wconf 42' lang='lat'>¹</span> <span class='ocrx_word' id='word_1_301' title='bbox 940 4728 947 4741; x_wconf 50' lang='lat'><strong><em>⁵</em></strong></span> 
     </span>
     <span class='ocr_line' id='line_1_40' title="bbox 212 4827 437 4877; baseline 0.013 -6"><span class='ocrx_word' id='word_1_302' title='bbox 212 4842 266 4876; x_wconf 70' lang='lat' dir='ltr'><strong>(rm.</strong></span> <span class='ocrx_word' id='word_1_303' title='bbox 280 4827 350 4877; x_wconf 69' lang='lat' dir='ltr'><strong>Harl</strong></span> <span class='ocrx_word' id='word_1_304' title='bbox 364 4830 437 4874; x_wconf 66' lang='lat'><strong>31&#39;53.</strong></span> 
     </span>
    </p>
   </div>
   <div class='ocr_carea' id='block_1_5' title="bbox 0 0 1640 5662">
    <p class='ocr_par' dir='ltr' id='par_1_15' title="bbox 0 0 1640 5662">
     <span class='ocr_line' id='line_1_41' title="bbox 0 0 1640 5662; baseline 0 0"><span class='ocrx_word' id='word_1_305' title='bbox 0 0 1640 5662; x_wconf 95' lang='lat' dir='ltr'><strong> </strong></span> 
     </span>
    </p>
   </div>
  </div>
 </body>
</html>
