3270 5656
485 783 686 834 CHRONIOON
709 782 870 833 sussum
893 785 940 833 ne
963 767 1133 834 svesaim
1271 773 1335 836 185

286 988 304 1018 “
322 982 555 1067 jurisdictione
577 980 752 1069 episcopali
777 986 886 1048 essent
908 986 1081 1068 exemptae,
1097 988 1131 1049 et
1157 983 1222 1050 nisi
1236 984 1337 1051 etiam
1350 1001 1419 1053 Μ).
1434 1007 1505 1052 laos.

287 1091 304 1119 “
325 1086 362 1149 in
378 1084 501 1171 eisdem
517 1106 614 1149 omne
631 1083 688 1168 jus
710 1084 892 1171 episcopale
915 1085 1194 1171 praescripsissent.
1241 1086 1338 1167 Quod

287 1193 304 1221 ‘¹
325 1191 438 1251 autem
454 1185 523 1250 sint
538 1190 701 1271 exemptae
716 1185 766 1250 ita
779 1187 890 1272 probo.
936 1186 1064 1252 Matrix
1089 1188 1231 1267 eeclesia,
1247 1189 1338 1254 vide-

287 1294 305 1324 “
326 1287 405 1353 licet
420 1286 675 1352 Eveshamensis
697 1308 772 1372 quac
794 1291 846 1353 est
868 1293 976 1374 caput,
1000 1292 1051 1353 est
1074 1294 1238 1375 exempta,
1260 1311 1338 1377 ergo

286 1396 306 1425 ‘⁴
328 1393 363 1454 et
379 1389 513 1475 capellae
525 1388 623 1455 vallis
635 1410 709 1476 quae
723 1395 804 1454 sunt
818 1389 982 1455 membra¹
994 1388 1027 1470 ;’'
1043 1395 1077 1456 et
1092 1390 1134 1455 erl
1143 1378 1339 1456 hoc‘induxi

285 1490 371 1576 leges
395 1496 430 1556 et
452 1512 599 1557 canones.
644 1491 863 1557 Adversarius
885 1514 965 1557 vero
987 1491 1085 1570 dixit,
1117 1501 1134 1527 “
1149 1492 1228 1557 Non
1258 1498 1339 1558 sunt

286 1601 301 1626 ‘⁴
324 1592 457 1678 capellae
479 1593 535 1658 sed
553 1591 704 1658 matrices
727 1593 877 1672 eeclesiae,
894 1616 970 1680 ergo
992 1615 1061 1660 non
1076 1595 1170 1680 quasi
1191 1594 1340 1660 membra

286 1695 452 1759 “ratione
474 1695 592 1782 capitis
615 1693 858 1775 eximuntur;’'
887 1699 921 1761 et
943 1696 986 1760 ad
1008 1696 1070 1761 hoe
1092 1696 1228 1762 induxit
1250 1697 1338 1784 leges

287 1800 321 1860 et
357 1817 503 1862 canones.
563 1796 655 1862 Tune
684 1819 752 1884 ego,
784 1803 802 1831 “
825 1796 933 1862 immo
963 1798 1097 1884 capellae
1133 1804 1221 1877 sunt,
1261 1800 1340 1885 quia

288 1905 303 1931 ‘⁴
325 1898 467 1963 chrisma
481 1903 516 1963 et
531 1898 640 1964 oleum
664 1921 683 1962 a
706 1904 820 1964 nostra
833 1898 963 1965 matrici
987 1901 1121 1966 ecclesia
1143 1901 1338 1987 percipiunt,

289 2007 304 2033 ‘¹
325 2003 360 2063 et
392 1997 583 2086 parochiani
606 2021 728 2080 earum,
752 2000 854 2064 immo
886 2001 992 2086 magis
1026 2002 1171 2068 ecclesiae
1194 2002 1338 2068 Evesha-

288 2107 306 2135 “
326 2101 457 2178 mensis,
472 2102 561 2187 apud
577 2122 650 2166 eam
666 2102 916 2167 ecelesiasticam
932 2103 1099 2190 accipiunt
1114 2105 1316 2191 sepulturam
1330 2129 1338 2181 ;

289 2210 305 2237 “
325 2224 402 2288 ergo
441 2203 573 2289 capellae
611 2208 691 2269 sunt
704 2228 713 2284 ;
726 2201 744 2227 ’'
782 2208 817 2268 et
854 2203 976 2269 induxi
1013 2205 1056 2269 ad
1093 2206 1155 2271 hoc
1192 2227 1339 2271 canones.

289 2304 379 2368 Tunc
401 2304 616 2382 adversariae,
652 2313 668 2338 ‘¹
684 2304 783 2370 Pater
805 2311 927 2382 sancte,
950 2306 985 2370 in
1010 2306 1152 2371 ecelesiis
1173 2308 1239 2372 illis
1262 2312 1342 2372 sunt

290 2415 304 2440 “
324 2406 434 2471 fontes
465 2406 674 2493 baptismatis
706 2412 741 2472 et
771 2428 839 2471 non
871 2408 908 2472 in
930 2408 1066 2473 ecclesia
1096 2408 1342 2487 Eveshamensi,

290 2516 305 2542 ‘¹
325 2530 402 2595 ergo
424 2513 504 2573 sunt
526 2507 741 2594 baptismales
764 2512 798 2574 et
821 2531 890 2573 non
912 2508 1045 2595 capellae
1059 2508 1097 2589 ;''
1135 2516 1169 2576 ct
1203 2512 1246 2576 ad
1280 2511 1342 2576 hoc

290 2609 421 2674 induxit
444 2631 583 2675 canones
606 2610 665 2696 qui
695 2609 780 2676 bene
803 2610 970 2676 faciebant
991 2612 1033 2676 cd
1056 2612 1124 2678 hoc
1170 2612 1264 2678 Tunc
1286 2613 1343 2678 do-

291 2712 396 2775 minus
418 2733 503 2798 papa
524 2712 660 2777 intuens
682 2733 734 2777 me
758 2712 853 2789 dixit,
877 2721 895 2747 “
910 2712 1113 2795 Procurator,
1130 2715 1183 2779 die
1206 2737 1343 2794 verum;

293 2821 307 2847 “
327 2818 407 2879 sunt
430 2813 519 2899 apud
542 2836 601 2878 vos
623 2813 733 2879 fontes
762 2815 816 2879 vel
839 2813 928 2900 apud
951 2815 1101 2880 ecclesias
1123 2815 1251 2881 illasl'’
1297 2817 1343 2882 Et

292 2934 355 2998 rgo,
379 2913 492 2978 “Non
514 2915 603 3000 apud
626 2936 694 2990 noa,
710 2914 766 2978 sed
790 2914 880 3000 apud
903 2915 1052 2981 ecclesias
1075 2916 1179 2982 illas?
1225 2918 1271 2983 Et
1286 2919 1343 2982 do-

292 3016 398 3080 minus
419 3038 513 3102 papa,
537 3022 555 3051 “
572 3016 635 3080 Dic
659 3015 778 3082 aliud]¹
814 3016 861 3081 Et
882 3017 930 3082 sio
951 3018 1022 3084 haec
1045 3019 1201 3106 allegatio
1224 3043 1342 3106 parum

294 3118 412 3202 profuit
444 3117 534 3194 mihi,
568 3118 625 3182 sed
659 3118 688 3182 si
725 3140 785 3182 nos
815 3141 836 3182 a
870 3120 1091 3205 quadraginta
1128 3121 1224 3186 annis
1256 3127 1343 3186 retro

293 3219 394 3283 fontes
417 3218 647 3284 habuissemus
670 3224 705 3283 et
727 3241 795 3285 non
818 3221 961 3306 capellae,
976 3221 1047 3286 sine
1071 3222 1172 3286 dubio
1195 3223 1231 3286 in
1246 3245 1344 3287 causa

294 3320 554 3386 obtinuissemus.
601 3320 686 3385 Tum
718 3343 786 3406 ege,
809 3321 943 3387 “Pater
968 3326 1088 3399 sancte,
1111 3324 1147 3386 in
1169 3323 1343 3410 privilegio

296 3421 547 3488 “Constantini
570 3442 665 3508 papae
703 3423 904 3502 continetur,
943 3423 1083 3509 ‘Ipsum
1121 3445 1197 3510 ergo
1234 3425 1342 3489 locum

295 3531 310 3557 ‘⁴
332 3533 339 3558 ‘
360 3545 459 3609 quem
483 3523 573 3610 regia
595 3528 741 3610 potestus
763 3524 864 3611 regiae
894 3524 1043 3590 libertati
1066 3525 1205 3591 donavit
1227 3533 1261 3593 et
1283 3550 1343 3592 nos

297 3633 311 3659 ‘⁴
333 3636 340 3659 ⁴
363 3624 563 3691 auctoritate
579 3625 644 3690 Dei
667 3630 702 3690 et
717 3632 905 3691 sanctorum
930 3628 1151 3713 apostolorum
1175 3635 1210 3695 et
1232 3636 1344 3696 nostra

296 3733 310 3760 “
334 3735 341 3760 ‘
365 3727 541 3791 donamus?
586 3726 696 3792 Locus
729 3728 793 3792 iste
830 3750 897 3792 non
935 3733 1069 3795 tantum
1108 3733 1343 3797 monasterium

297 3835 312 3861 “
333 3829 390 3892 sed
421 3829 521 3893 etiam
552 3850 665 3893 omnes
694 3831 911 3916 possessiones
943 3832 1087 3898 ecclesiae
1110 3840 1234 3899 nostrae
1257 3856 1345 3899 com-

296 3936 311 3964 “
332 3929 496 4015 plectitur,
511 3933 551 3994 ut
565 3930 760 3996 beneficium
784 3933 989 4018 imperatoris
1012 3934 1212 4020 amplissime
1234 3942 1268 4000 et
1290 3936 1345 4000 bc-

297 4041 310 4065 “
332 4030 523 4118 nignissime
545 4032 791 4119 interpretetur,
814 4057 874 4100 nec
896 4035 1073 4101 verisimile
1096 4042 1148 4100 est
1171 4037 1258 4122 quod
1282 4038 1346 4102 duo

298 4141 312 4166 ‘¹
334 4155 423 4220 reges
446 4132 584 4198 Romam
616 4135 750 4201 iverunt
784 4139 824 4200 ut
858 4136 1028 4201 tantillum
1061 4135 1168 4201 locum
1201 4144 1345 4224 quantus

298 4242 312 4268 “
334 4239 384 4300 est
406 4235 491 4299 situs
513 4235 658 4301 abbatiae
680 4242 802 4302 nostrae
825 4259 953 4302 summo
975 4238 1125 4324 pontifici
1147 4243 1183 4304 et
1205 4240 1345 4305 ecclesiae

298 4345 313 4371 “
335 4337 491 4403 Romanae
522 4337 706 4403 conferrent
738 4343 773 4404 et
806 4339 954 4404 libertati
985 4341 1154 4420 donarent,
1177 4364 1278 4427 quum
1309 4343 1346 4407 in

664 4702 670 4732 ¹
683 4700 800 4769 membra]
815 4705 926 4765 menbra,
938 4704 994 4754 MS.
