3270 5656
409 798 609 850 cuaosicor
633 794 791 844 unsaros
814 795 860 842 ns
885 794 1050 844 svnsimu.
1189 782 1248 844 121

212 982 361 1046 amiserat
376 978 416 1042 de
437 973 671 1060 corrumpendo
686 975 843 1060 episeopo.
892 972 1051 1037 Veniente
1074 972 1178 1059 igitur
1200 970 1253 1036 die
1266 979 1416 1031 blaecca.

212 1081 449 1170 comperuimus
475 1099 583 1144 eoram
609 1075 858 1162 archiepiscopo,
886 1074 1034 1162 episcopo
1058 1096 1132 1139 cum
1154 1074 1253 1139 advo-
1267 1084 1333 1149 Sept,
1346 1090 1369 1135 s.

212 1186 287 1252 catis
315 1185 384 1249 suis
414 1188 449 1248 et
475 1179 588 1244 multis
618 1177 869 1264 allegationibus
895 1177 1045 1263 petentc¹
1080 1151 1416 1270 ⁸01¹l011iiae÷lliih⁰l²t

213 1309 276 1353 suae
290 1284 581 1358 confirmationem,
604 1287 639 1346 et
654 1280 806 1346 similiter
820 1281 914 1345 nobis
935 1281 1123 1366 petentibus
1138 1303 1156 1345 e
1178 1302 1252 1345 con·
1265 1284 1414 1346 Worcecter,

213 1390 308 1455 trario
344 1386 617 1460 infirmationem
660 1389 695 1448 et
730 1405 798 1448 non
828 1383 1030 1469 profecimus,
1068 1382 1125 1448 sed
1157 1382 1255 1447 datus
1264 1354 1371 1484 lgm
1382 1427 1408 1470 to

213 1497 260 1558 cst
284 1490 383 1555 nohis
407 1489 490 1553 alius
514 1487 583 1552 dies
609 1485 697 1571 apud
720 1484 930 1550 Lincolniam.
976 1485 1120 1550 Veniens
1145 1489 1256 1550 autem
1269 1486 1384 1537 muccla.

214 1595 352 1670 domum,
368 1613 409 1656 cx
425 1595 587 1677 praecepto
609 1589 750 1653 fratrum
765 1592 897 1653 secutus
919 1611 992 1652 sum
1014 1587 1168 1653 abbatem
1183 1609 1259 1653 nos·

214 1703 298 1761 trum
313 1700 354 1760 ut
377 1715 451 1759 eum
474 1691 638 1758 aberrare
660 1691 807 1755 viaesuae
830 1713 1022 1756 revocarem.
1069 1690 1145 1755 Jam
1169 1691 1257 1755 enim

214 1798 274 1864 iter
302 1796 487 1882 arripuerat
520 1799 555 1859 et
583 1791 735 1857 habitum
765 1798 959 1872 mutaverat,
990 1799 1030 1858 ut
1063 1792 1258 1878 quibusdam

215 1899 367 1965 homibus
391 1897 624 1974 nuntiaverat3
648 1894 818 1959 nonenim
833 1895 1009 1960 conventui
1031 1895 1101 1961 haec
1123 1896 1258 1960 manda·

215 2008 312 2067 verat
360 1999 431 2087 Ego
445 2020 522 2064 vero
545 1997 721 2084 procedens
743 1998 858 2062 inveni
878 2020 952 2063 eum
976 1999 1063 2084 apud
1080 1997 1258 2063 Newehuri

213 2126 321 2170 versus
337 2123 425 2167 mare
440 2102 476 2165 in
490 2101 609 2165 habitu
624 2099 772 2165 saeculari
785 2123 793 2177 ;
816 2106 860 2178 et,
875 2122 1012 2165 narrans
1035 2101 1067 2166 ei
1085 2124 1158 2186 quae
1173 2101 1260 2166 faeta

216 2207 352 2284 hierant,
368 2209 402 2269 et
417 2202 559 2288 qualiter
573 2202 725 2267 dominus
739 2202 998 2290 archiepiscopus
1014 2202 1259 2268 Cantuariensis

218 2306 467 2374 communicavit
500 2304 604 2380 nobis
636 2304 805 2370 consolans
835 2305 936 2369 etiam
966 2326 1041 2369 eum
1070 2327 1129 2392 per
1159 2305 1260 2371 verba
1311 2375 1315 2383 ,

217 2408 442 2496 archiepiscopi
464 2429 539 2494 quae
554 2407 684 2472 dixerat
707 2406 849 2484 mihist
876 2407 1015 2493 qualiter
1035 2430 1126 2494 spem
1148 2429 1258 2473 conce·

219 2513 321 2599 pimus
345 2510 387 2575 de
410 2509 608 2574 infirmanda
630 2509 794 2574 sententia
820 2510 970 2596 episcopi,
995 2509 1128 2596 promisi
1160 2511 1259 2575 etiam

219 2615 244 2681 ei
264 2614 300 2678 in
316 2612 419 2678 verbo
443 2612 578 2675 Domini
602 2611 736 2697 quodsi
763 2612 932 2698 episcopus
958 2612 1123 2677 obtineret
1146 2619 1261 2678 contra

219 2739 272 2781 nos
286 2717 322 2780 in
337 2712 533 2802 possessorio
547 2712 682 2799 judicic,
698 2713 785 2798 quod
802 2714 944 2779 maxime
960 2714 1165 2791 timebamus,
1191 2716 1261 2800 (qui

221 2819 313 2884 timor
335 2821 451 2904 postea
480 2816 591 2880 evenit
613 2816 728 2900 nobis)
753 2817 840 2901 quod
863 2838 923 2881 nos
953 2839 1122 2903 nunquam
1154 2838 1260 2883 coram

221 2921 364 3007 episcopo
391 2918 516 3004 aliquid
542 2916 631 3002 quod
655 2917 777 2982 faceret
810 2917 853 2982 ad
879 2918 948 3002 ejus
972 2919 1209 3005 depositionem
1232 2921 1261 2984 ei

222 3023 435 3109 objiceremus,
450 3020 506 3085 sed
532 3019 673 3084 fideliter
695 3041 769 3084 curn
792 3041 830 3084 eo
856 3027 970 3086 eontra
994 3023 1180 3108 episcopum
1204 3045 1262 3109 pro

222 3131 305 3190 statu
332 3144 480 3210 personae
506 3144 573 3187 suae
603 3127 772 3199 staremus,
800 3124 828 3186 si
856 3129 1076 3188 reverteretur
1102 3130 1137 3189 et
1162 3130 1264 3189 staret

223 3228 385 3292 nobiscum
400 3226 437 3289 in
452 3225 712 3291 causaecclesise.
775 3225 881 3304 Quam
893 3219 1137 3311 promissionem
1158 3248 1262 3290 mea-m

223 3329 331 3394 fratres
362 3328 436 3405 mei,
459 3348 562 3411 quum
585 3331 698 3412 postea
722 3326 835 3391 Romae
870 3349 978 3404 essem,
1001 3334 1147 3414 tempore
1170 3329 1262 3393 resti-

224 3430 356 3495 tutionis
379 3428 521 3515 episcopi
544 3428 685 3492 viriliter
709 3428 962 3515 compleverunt,
979 3435 1105 3495 stantes
1129 3451 1202 3495 cum
1226 3453 1263 3496 eo
1277 3444 1418 3522 luconcili-

225 3557 318 3623 usque
341 3535 384 3599 ad
400 3534 533 3598 habitus
556 3535 607 3598 sui
630 3534 853 3620 dejectionem,
871 3557 973 3620 quum
996 3512 1432 3628 episcopusei1·ea{²ssg{,¹,⁰ffi⁹

226 3660 389 3725 personam
411 3658 504 3701 suam
527 3635 628 3700 vellet
648 3636 751 3702 facere
776 3637 1022 3721 inquisitionem
1046 3644 1080 3703 et
1094 3640 1212 3704 fratres
1235 3640 1264 3705 ei
1278 3644 1414 3703 manusco

227 3741 300 3805 nihil
312 3741 417 3805 dicere
428 3738 560 3813 vellent,
574 3738 723 3826 episcopo
734 3739 795 3803 sub
808 3761 906 3826 poena
920 3743 1265 3808 excommunicationis
1277 3711 1427 3828 ffleoffi

227 3845 436 3932 praecipiente.
494 3843 555 3908 Ille
578 3865 656 3908 vero
680 3844 739 3908 tali
766 3851 898 3932 accepta
920 3847 1094 3911 securitate
1116 3868 1264 3912 reversus
1277 3844 1426 3921 againstthe

228 3953 271 4012 est
285 3945 524 4024 Eveshamiam,
548 3949 583 4010 et
597 3945 676 4010 iacti
692 3953 770 4011 sunt
789 3947 886 4011 amici
912 3948 1024 4012 cadem
1040 3948 1093 4013 die
1108 3949 1209 4014 abbas
1232 3955 1266 4014 et
1277 3911 1411 4039 {wite

228 4054 410 4128 conventus,
435 4049 512 4134 quia
534 4053 632 4112 autea
654 4054 747 4114 erant
770 4048 896 4114 inimici
918 4050 961 4115 ud
983 4050 1132 4116 invicem.
1280 4042 1350 4092 xxiii.
1365 4046 1416 4106 12·)

381 4253 431 4318 Dc
445 4252 578 4319 ccciccc
593 4261 774 4319 concentus
788 4253 836 4318 cet
851 4252 924 4319 litte
939 4274 1102 4339 capescens.

267 4400 358 4465 l'une
382 4400 482 4463 etium
507 4399 675 4485 provisum
698 4405 749 4464 est
774 4399 861 4485 quod
889 4401 999 4464 omnia
1020 4422 1059 4465 ea
1081 4422 1154 4486 quae
1177 4401 1267 4487 prius
1281 4428 1346 4477 now
1356 4428 1431 4478 mnus

229 4502 315 4568 nobis
342 4501 459 4566 invitis
485 4501 674 4578 abstulerat,
706 4501 859 4566 videlieet
890 4502 1036 4567 redditus
1068 4503 1267 4588 pitantiariae
1281 4495 1433 4611 ffiffit·

237 4665 492 4674 «ἠρῶ-
512 4665 719 4672 ’,φὴ-..ἢ
734 4665 802 4671 «α.-.
820 4665 1265 4675 „.-—.<-...-..—.------———.

599 4753 719 4817 'percum
735 4755 844 4814 pelenda,
857 4752 913 4803 ils.
