3270 5656
426 794 627 843 csaomoou
650 792 807 841 saesrnu
829 792 876 840 nn
899 790 1071 842 armana.
1227 777 1268 838 41

231 1002 306 1044 saxa
320 979 585 1067 circumjacentia
600 980 743 1046 locatum
759 979 903 1065 adeoque
926 1000 1043 1043 sanum
1059 983 1093 1042 et
1109 977 1271 1042 incolume
1285 977 1436 1030 All-⁶³60·

231 1105 284 1147 vas
306 1083 391 1148 illud
413 1089 579 1171 repertum
602 1088 660 1162 est,
677 1083 764 1168 quod
787 1082 931 1147 fractura
945 1081 981 1145 in
1005 1102 1042 1146 eo
1063 1080 1161 1160 nulla,
1178 1080 1270 1145 nulla

231 1207 358 1271 prorsus
380 1185 449 1251 ulla
471 1188 506 1250 in
528 1191 623 1274 parte
645 1186 681 1250 in
705 1207 742 1251 eo
764 1184 933 1249 videretur
956 1184 1080 1248 laesura
1127 1182 1271 1262 Quibus-

232 1310 365 1375 cumque
403 1289 492 1354 enim
530 1311 599 1355 suae
629 1288 922 1353 animadversionis
960 1286 1051 1352 Deus
1093 1287 1272 1351 intentaret

232 1391 417 1471 vindictam,
445 1393 529 1458 circa
552 1393 640 1458 hune
664 1391 798 1456 beatum
824 1392 934 1456 virum
960 1391 1076 1477 gratiae
1104 1411 1142 1455 ao
1164 1411 1273 1475 accep·

234 1495 362 1560 tationis
393 1519 461 1562 suoe
492 1517 646 1582 magnam
685 1494 880 1560 ostendebat
915 1493 1037 1580 ubique
1072 1492 1272 1559 evidentiam

235 1597 302 1684 lpse
318 1600 542 1686 superomnia
557 1600 646 1665 Deus
661 1597 854 1663 benedictus
870 1598 905 1661 in
920 1596 1045 1662 saecula
1091 1596 1205 1662 Amen.

235 2008 316 2077 lanc
346 2010 388 2076 cle
409 2011 560 2096 quodum
585 2010 714 2077 rusti-co
744 2011 807 2098 qui
837 2010 925 2077 dura
953 2010 1120 2098 reliquias
1152 2007 1274 2078 Sancti

317 2113 459 2283 Epuagppi
481 2114 523 2180 de
545 2121 636 2180 terro
657 2113 767 2181 tollere
791 2113 914 2193 debuit,
931 2113 1114 2202 proprioru
1136 2112 1275 2180 turtum

317 2239 340 2282 o
423 2216 454 2282 ‘t

269 2375 356 2464 Rege
365 2375 537 2452 AEielredo‚
547 2375 691 2464 Eadgari
702 2377 813 2463 magui
823 2376 909 2464 regis
920 2376 997 2452 filio,
1007 2375 1273 2442 fecundissimum
1289 2376 1433 2443 [authelmi

237 2478 360 2566 Angliae
386 2502 522 2567 regnum
548 2479 666 2545 devote
696 2480 908 2566 gubernante,
935 2481 1006 2544 viro
1037 2480 1178 2566 plurimo
1208 2481 1274 2544 vir·
1287 2448 1405 2575 Qum
1462 2492 1463 2495 ’

237 2588 341 2647 tutum
364 2583 445 2648 flore
466 2582 626 2660 redimito,
650 2582 716 2647 fuit
742 2583 875 2669 quidam
899 2583 1049 2648 avaritiae
1073 2583 1275 2669 pestisupru
1288 2579 1354 2632 M)-
1368 2578 1438 2645 ⁹⁷⁸]

237 2686 361 2750 modurn
374 2685 514 2765 deditus,
530 2708 567 2750 aa
579 2707 636 2772 per
646 2685 706 2750 hoc
718 2685 833 2750 salutis
845 2707 913 2750 suae
929 2685 1067 2749 nimium
1084 2686 1273 2764 incuriosus

237 2787 287 2874 qui
301 2787 344 2852 ad
367 2787 437 2867 hoc,
453 2787 585 2853 inimico
608 2787 744 2852 humani
766 2789 894 2874 generis
908 2787 1096 2874 instigante,
1115 2787 1273 2876 prorupit,

237 2895 270 2956 ut
292 2890 333 2956 de
359 2896 448 2956 terra
478 2891 582 2955 sancti
609 2889 758 2976 Ecgwini
784 2912 935 2977 magnum
960 2895 1088 2977 partem
1110 2890 1273 2956 laboraret

236 2992 392 3073 invadere,
424 2998 587 3078 quatenus
616 2993 763 3056 invasam
798 2993 898 3077 juxta
939 2994 989 3057 sui
1015 2992 1102 3078 juris
1140 2992 1272 3058 libitum

236 3095 353 3161 valeret
371 3094 541 3184 possidere.
580 3094 826 3160 Contradicitur
840 3119 860 3160 a
874 3095 988 3160 multis
1003 3101 1152 3160 sanctum
1167 3095 1273 3160 locuni
1287 3101 1313 3150 A
1325 3109 1441 3166 country-

236 3199 316 3263 tueri
338 3198 556 3285 cupientibus,
584 3204 618 3263 et
644 3197 807 3284 praecipue
833 3197 875 3262 ab
899 3197 1043 3283 ejusdem
1067 3198 1129 3262 loci
1156 3198 1275 3263 abbate
1287 3184 1442 3300 {iffinng

236 3301 360 3366 nomine
386 3300 550 3366 Oswardo.
599 3300 831 3365 Controversia
853 3299 1100 3386 multiplicatur,
1118 3306 1152 3365 et
1174 3301 1403 3364 variist0⁸wear

237 3401 467 3490 objectionibus
491 3424 588 3468 causa
615 3402 731 3468 diatim
759 3408 968 3490 aggravetur,
996 3403 1105 3481 donec,
1124 3402 1274 3489 judicum
1287 3369 1432 3485 ffitffld

236 3506 401 3582 sententia,
426 3506 652 3571 incommune
677 3504 864 3570 decernitur
879 3504 949 3569 dies
973 3505 1016 3570 ad
1035 3505 1118 3571 hane
1145 3527 1275 3571 cerream
1290 3503 1390 3580 lissey,

236 3608 417 3674 finiendam.
466 3608 574 3694 Igitur
594 3608 646 3672 die
670 3608 849 3673 constituta
864 3609 951 3673 fiunt
964 3630 1074 3696 preces
1089 3607 1275 3687 studiosius,
1289 3569 1404 3688 ffirffl

236 3710 321 3777 Deus
350 3717 385 3777 et
416 3710 497 3796 Ejus
526 3711 632 3776 sancti
663 3711 881 3797 deposcuntur
912 3713 1080 3777 attentius
1142 3712 1277 3778 Peracta

235 3814 463 3902 supplicatione
494 3820 528 3880 et
558 3813 665 3880 missis
695 3836 738 3878 ex
768 3835 856 3879 ruore
887 3814 1064 3892 celebratis,
1096 3814 1138 3879 ad
1169 3815 1303 3881 locum·

236 3915 436 4004 designatum
463 3938 537 3982 curn
567 3915 715 4002 reliquiis
745 3915 849 3981 sancti
881 3917 1031 4003 Ecgwini
1061 3923 1276 4005 properatur3

234 4018 272 4084 ab
309 4019 460 4085 omnibus
491 4020 524 4083 in
555 4018 754 4105 adjutorium
794 4023 925 4084 sanctus
961 4020 1095 4084 Domini
1130 4030 1275 4087 vocatur.

235 4121 335 4187 Adest
350 4129 385 4188 et
399 4123 541 4187 rusticus
556 4144 631 4187 cum
646 4122 713 4186 suis
729 4120 896 4187 barbarice
915 4121 1088 4200 frendens3
1112 4123 1277 4188 confertur

234 4220 267 4289 in
288 4225 396 4291 medio
412 4245 580 4312 procerum
604 4223 750 4311 quaestio,
774 4246 889 4289 verum
914 4224 989 4289 finis
1013 4224 1121 4290 nullus
1145 4231 1276 4311 poterat

234 4328 340 4394 adesse
356 4324 443 4393 huic¹
461 4327 599 4415 negotio.
644 4325 798 4407 Tandem,
813 4326 871 4392 lite
882 4327 1066 4405 terminata,
1079 4351 1099 4392 a
1109 4327 1277 4414 judicibus

235 4431 392 4497 statuitur
421 4436 461 4496 ut
499 4451 598 4495 manu
636 4429 768 4516 propria
802 4430 943 4495 rusticus
981 4429 1134 4517 reliquias
1172 4431 1276 4497 sancti

630 4720 635 4750 ·
649 4717 717 4786 aare]
731 4718 814 4784 num,
826 4719 881 4772 rus.
