3264 5662
503 812 704 861 onnoxrcon
726 811 883 862 innume
906 815 953 862 ns
975 814 1144 863 nvssunu.
1303 802 1346 872 67

302 999 444 1063 mirabili
482 999 569 1065 facto
607 1023 673 1065 non
710 1000 859 1066 laudavit
898 1001 1104 1067 Dominum?
1183 1005 1343 1070 Omnibus
1380 1026 1492 1076 sm,

301 1102 423 1166 etenim
457 1110 507 1167 est
546 1103 745 1189 patefactum
783 1104 925 1170 multum
956 1107 1042 1193 apud
1081 1128 1213 1193 superos
1250 1129 1343 1195 posse

300 1202 434 1269 beatum
456 1205 519 1271 Dei
543 1206 760 1273 consessorem
784 1206 987 1294 Ecgwinum.

720 1514 770 1580 De
799 1514 921 1581 eodem.

344 1673 581 1740 Monasterium
612 1676 717 1740 sancti
746 1677 851 1762 patris
881 1677 985 1740 nostri
1009 1676 1159 1762 Eegwini
1182 1698 1277 1764 smpe,
1303 1682 1343 1743 ut

300 1777 482 1843 retulerunt
520 1778 577 1864 qui
614 1779 775 1857 viderant,
807 1779 957 1843 incendio
987 1785 1217 1864 consumptum
1249 1781 1340 1858 foret,

299 1880 360 1943 nisi
383 1878 445 1944 hoe
458 1881 566 1946 virtus
580 1881 685 1945 sancti
700 1880 864 1966 pontificis
878 1881 933 1967 pia
947 1881 1133 1946 defensione
1149 1888 1340 1969 protegeret.

298 1981 419 2047 slecis
442 2005 583 2068 namque
608 1984 651 2047 ad
665 1983 773 2047 locum
795 1983 937 2048 incendii
967 1984 1073 2047 sancti
1096 1984 1160 2048 viri
1186 1985 1341 2070 reliquiis,

298 2085 487 2172 plerumque
509 2087 560 2149 vis
589 2091 763 2151 ventorum
785 2086 940 2150 aliorsum
969 2086 1228 2172 retorquebatur,
1260 2109 1342 2152 non-

297 2208 466 2272 nunquam
489 2210 566 2253 vero
588 2188 694 2274 ipsum
719 2187 906 2253 incendium
937 2188 1192 2275 consopiebatur.
1253 2188 1341 2254 Nam

296 2311 396 2374 quum
428 2290 570 2376 quodam
608 2295 753 2377 tempore
791 2291 936 2354 maximo
974 2312 1074 2377 prope
1105 2292 1341 2356 monasterium

296 2393 457 2480 flagrante
480 2394 638 2472 incendic,
663 2393 770 2458 suncti
796 2393 946 2479 Ecgwini
962 2393 1120 2457 scrinium
1143 2416 1201 2480 per
1223 2416 1342 2479 angus-

295 2496 460 2560 tissimum
476 2497 645 2562 tramitem
670 2496 757 2560 inter
779 2495 862 2560 duas
885 2496 997 2561 domos
1019 2519 1040 2560 a
1061 2496 1220 2561 fratribus
1236 2496 1340 2562 defer-

293 2603 394 2678 retur,
425 2599 582 2664 continuo
604 2605 644 2664 ut
673 2599 710 2663 in
739 2599 775 2662 id
811 2599 956 2663 locorum
986 2607 1036 2663 est
1067 2605 1213 2676 ventum,
1246 2621 1341 2664 omne

293 2703 418 2787 pariter
441 2702 628 2767 incendium
651 2701 790 2767 cessavit
813 2701 1027 2786 consopitum.
1094 2700 1165 2766 Neo
1180 2702 1254 2789 plus
1270 2709 1342 2768 erat

292 2805 392 2890 spatii
408 2805 498 2891 quod
513 2811 646 2870 sanctus
661 2805 770 2869 suerat
786 2802 916 2868 delatus
932 2824 1031 2889 quam
1054 2802 1227 2889 longitudo
1248 2803 1342 2890 pedis

292 2908 401 2972 unius.
450 2907 621 2972 Remansit
644 2928 720 2993 ergo
750 2928 818 2969 una
840 2905 956 2970 domus
978 2905 1020 2969 ab
1042 2905 1119 2992 igne
1141 2905 1252 2985 illoesa,
1276 2906 1342 2970 alin

290 3032 370 3074 vero
386 3011 485 3097 periit
500 3015 701 3094 consumpta.
750 3007 841 3071 Hine
856 3008 969 3092 itaque
988 3028 1139 3093 rogemus
1160 3007 1341 3072 Dominum

288 3113 466 3192 virtutum,
494 3119 534 3178 ut
556 3134 614 3198 per
643 3116 778 3174 tantum
808 3115 983 3196 patronum
1014 3109 1209 3196 Ecgwinum
1232 3111 1341 3174 solvat

290 3217 426 3281 vincula
440 3221 646 3302 peccatorum
663 3220 858 3289 nostrorum,
871 3218 905 3277 et
916 3218 1029 3298 pascat
1045 3235 1105 3275 nos
1120 3213 1228 3298 gratia
1242 3213 1339 3276 bene-

289 3319 440 3383 ficiorum
455 3340 597 3395 suorum,
614 3323 649 3381 et
671 3321 843 3381 convertat
866 3321 925 3378 aut
948 3314 1079 3378 excidat
1094 3315 1204 3399 capita
1226 3314 1340 3378 adver-

288 3422 460 3495 sariorum,
477 3427 511 3486 et
534 3421 571 3483 in
595 3420 649 3483 die
671 3419 750 3483 belli
772 3425 806 3483 et
834 3418 869 3481 in
896 3417 993 3479 ruina
1023 3416 1140 3480 mundi
1165 3415 1340 3481 obumbret

289 3547 352 3589 nos
368 3525 571 3589 scuto'bonae
587 3522 770 3587 voluntatis
792 3527 827 3584 et
849 3518 1037 3583 velamento
1053 3518 1180 3584 alarum
1196 3541 1337 3597 suarum,

287 3634 326 3693 et
352 3627 469 3691 liberet
492 3625 535 3689 ab
559 3627 633 3711 igne
656 3625 879 3689 vastationum
903 3629 937 3686 et
967 3644 988 3685 a
1017 3621 1151 3685 flamma
1181 3623 1338 3687 vitiorum

286 3742 325 3798 et
347 3756 368 3796 a
390 3732 555 3819 suppliciis
569 3738 767 3796 {eternorum
782 3728 1016 3804 incendiorum,
1033 3728 1255 3814 perducatque
1279 3749 1338 3792 nos

285 3835 333 3900 ad
365 3835 462 3921 hujus
492 3835 597 3921 patris
631 3834 735 3898 nostri
773 3831 983 3910 consortium,
1014 3852 1087 3894 cum
1126 3851 1191 3916 quo
1223 3830 1336 3916 Ipsum

283 3944 455 4005 auctorem
494 3936 641 4002 omnium
684 3935 854 4000 laudemus
890 3934 925 3997 in
969 3932 1089 3998 saecula
1134 3931 1334 3998 saeculornm.

283 4044 406 4107 Amen
