3264 5662
403 823 607 875 canonicos
629 820 787 873 naalma
810 821 857 870 na
880 812 1052 869 arram.
1198 804 1263 870 299

218 1014 327 1079 Stowe
350 1017 385 1076 et
407 1014 582 1097 parentum
606 1029 746 1088 suorum,
782 1026 909 1073 necnon
932 1006 1058 1072 Odonis
1081 1011 1115 1071 et
1139 1007 1267 1093 Marge-
1319 1036 1387 1098 Ab·

218 1117 273 1181 rice
307 1115 348 1178 de
376 1114 528 1199 Hymen,
560 1117 818 1197 cunctorumque
852 1108 1097 1176 benefactorum
1134 1110 1169 1174 in
1202 1110 1432 1175 swan-1³⁶⁷.

219 1218 351 1283 ecelesia
374 1216 606 1289 deducebam,
631 1215 673 1278 ad
697 1214 800 1278 altare
824 1213 930 1278 sancti
946 1212 1108 1298 Stephani
1130 1214 1269 1299 singulis

220 1319 335 1385 diebus
368 1318 485 1383 divina
519 1317 763 1383 celebraturum
802 1317 1052 1403 imperpetuum.
1125 1314 1270 1402 Insuper

219 1428 251 1488 et
265 1421 452 1508 assignavit
467 1420 571 1486 officio
591 1419 840 1505 eleemosynarii
861 1423 934 1483 octo
950 1418 1051 1483 libras
1070 1440 1129 1483 sex
1147 1419 1269 1484 solidos

219 1530 252 1590 et
274 1530 350 1589 octo
373 1524 525 1588 denarios
556 1523 596 1587 de
623 1522 720 1587 terris
754 1526 788 1586 et
819 1522 1017 1586 tenementis
1051 1522 1087 1585 in
1109 1521 1197 1585 villis
1229 1523 1270 1586 de

221 1628 396 1706 Evesham‚
431 1626 672 1712 Bengeworthe
715 1629 749 1690 et
787 1624 984 1709 Seynebnry
1022 1629 1188 1700 exeuntes,
1228 1625 1270 1688 ad

220 1728 457 1794 inveniendum
491 1729 572 1792 duos
616 1726 799 1811 capellanos
832 1727 968 1791 idoneos
1002 1746 1062 1812 pro
1099 1726 1270 1791 animabus

221 1851 333 1919 regum
369 1831 509 1917 Angliae,
540 1830 698 1895 abbatum
731 1834 765 1894 et
798 1829 937 1893 fratrum
972 1828 1209 1910 defunctorum,
1233 1852 1271 1894 ac

221 1936 321 2001 etiam
355 1932 521 1998 Johannis
557 1932 724 2019 Guytyng
757 1933 797 1997 de
823 1932 986 1997 Evesbam
1016 1938 1273 2017 caeterorumque

223 2037 478 2113 benefactorum,
494 2036 530 2099 in
547 2035 672 2121 capella
687 2035 818 2100 noviter
833 2040 1021 2100 constructa
1036 2035 1072 2100 in
1087 2034 1273 2100 coemeterio

224 2139 431 2205 Eveshamiee
453 2138 496 2202 nd
519 2143 647 2225 portam
672 2137 815 2203 abbatiae
839 2137 955 2202 divina
971 2137 1189 2203 celebraturos
1211 2138 1272 2201 im-

224 2248 430 2330 perpetuum.
493 2241 639 2305 Tandem
675 2240 851 2304 transactis
884 2240 952 2304 iere
985 2240 1108 2328 viginti
1148 2240 1411 2307 duobusneatnof

224 2346 320 2409 annis
350 2364 425 2408 eum
459 2343 606 2421 dimidio,
642 2343 749 2406 multa
775 2342 971 2428 aegritudine
994 2341 1162 2430 fatigatus,
1185 2343 1272 2430 opud
1287 2326 1365 2455 ²²3¹&

224 2446 409 2512 manerium
433 2447 473 2510 de
489 2444 683 2529 Ombresley
707 2444 795 2509 diem
818 2466 914 2509 suurn
938 2444 1056 2510 clausit
1079 2450 1273 2525 extremum,
1288 2465 1303 2509 e
1316 2458 1391 2515 June,

225 2555 340 2615 octavo
364 2548 437 2611 idus
453 2545 476 2610 J
479 2547 558 2625 unii,
575 2548 628 2610 die
652 2538 763 2610 sancto
780 2546 995 2624 Pentecostes,
1011 2568 1099 2612 anno
1121 2549 1276 2613 videlicet
1290 2528 1360 2577 ¹³⁶⁷·

228 2650 364 2716 Domini
387 2649 560 2714 millesimo
584 2649 805 2714 tricentesimo
838 2651 1039 2737 sexagesimo
1072 2652 1218 2737 septimo,
1243 2657 1276 2716 et

226 2774 282 2841 per
304 2752 526 2817 venerabilem
558 2756 686 2837 patrem
718 2751 939 2838 Lodowyeum
962 2753 1148 2840 episcopum
1171 2754 1275 2818 Here·

227 2857 411 2921 fordensem
461 2854 653 2919 duodecimo
687 2854 846 2920 kalendas
878 2855 961 2920 Julii
994 2857 1030 2919 in
1063 2857 1143 2920 navi
1176 2856 1275 2943 hujus

228 2959 369 3026 ecclesiae
394 2976 500 3021 coram
524 2957 666 3044 imagine
698 2957 847 3042 gloriosse
872 2958 1019 3045 Virginis
1051 2959 1276 3027 ecclesiasticus

230 3063 373 3127 traditur
395 3056 582 3146 sepultores.

273 3290 324 3360 De
354 3290 511 3378 oporibus
541 3288 717 3356 Jotooait
750 3289 936 3378 (lrabreelcy
973 3290 1101 3359 relinitis
1130 3293 1234 3362 totos

666 3391 845 3478 [ccclesias]

276 3530 339 3594 Isti
372 3529 526 3594 successit
561 3527 730 3592 lohannes
756 3528 797 3594 de
823 3527 1023 3617 Ombresley,
1047 3535 1224 3600 monachus
1246 3541 1280 3602 et
1293 3559 1405 3609 lohoac

235 3632 416 3698 cellerarius
452 3632 546 3695 istius
581 3631 704 3705 domus,
729 3632 882 3697 canonice
906 3655 926 3696 a
948 3643 1114 3703 conventu
1149 3639 1280 3716 electus,
1294 3627 1441 3692 ⁰¹¹¹bm¹⁶5

235 3735 387 3799 videlieet
411 3739 530 3818 quarto
563 3755 666 3796 nonas
692 3733 714 3797 J
717 3733 778 3796 ulii
808 3736 960 3820 proximo
992 3743 1073 3803 tune
1105 3693 1393 3827 sequente31llbcdld

232 3838 287 3923 qui
321 3837 437 3901 statim
476 3858 496 3898 a
527 3835 709 3899 venerabili
740 3842 833 3921 patre
859 3837 1093 3921 Lyncolniemsi
1131 3845 1281 3931 episeopo
1297 3830 1367 3875 ¹³⁶⁷·

231 3939 477 4027 ‹printodecimo
501 3936 660 4001 kalendas
683 3939 837 4023 Augusti,
855 3940 1092 4007 virtuti.·'illius
1115 3945 1280 4032 privilegii

226 4041 359 4129 papalis
392 4062 493 4126 supra
516 4039 679 4103 nominati
701 4062 722 4103 a
744 4040 877 4105 domino
901 4063 986 4128 papa
1003 4040 1141 4109 Urbano
1164 4048 1282 4132 quinto

227 4142 367 4220 indulti,
391 4143 480 4229 apud
503 4140 706 4227 Bannebury
729 4165 849 4207 munus
871 4144 1110 4212 benedictionis
1131 4150 1281 4237 suscepit.

224 4244 365 4313 Deinde
389 4245 548 4310 kalendas
582 4246 727 4331 Augusti
757 4247 907 4332 proximo
938 4252 1017 4312 tune
1043 4256 1199 4335 sequente
1230 4253 1416 4330 hisslnsulled
1523 4232 1527 4239 Ι

221 4350 323 4439 apud
355 4349 520 4413 Evesham
544 4352 594 4412 est
617 4347 793 4413 honorifice
824 4349 1030 4415 installatus¹
1091 4350 1160 4418 Iste
1182 4355 1284 4421 abbas
1299 4352 1308 4395 ¹
1324 4347 1393 4413 ΜΕ·

233 4506 290 4513 ⁹-
486 4501 488 4503 .
520 4500 523 4504 r
618 4500 626 4504 -
878 4501 884 4505 .
970 4502 1021 4507 .-..-
1051 4504 1276 4515 --.....—..-

270 4575 276 4602 ¹
297 4571 349 4632 Qui
367 4570 458 4618 ibidem
476 4570 521 4619 xii.
539 4569 613 4618 annis
627 4570 738 4618 residens
790 4572 929 4631 conveniat,
951 4574 1101 4639 expeditquc
1112 4577 1286 4630 destructorum

217 4652 304 4702 diem
316 4666 391 4699 suum
407 4650 496 4698 clausit
514 4657 655 4698 extremum
673 4665 738 4697 anno
790 4658 860 4714 gesta
877 4652 1012 4704 laudabilia
1028 4670 1073 4719 per
1095 4658 1230 4722 scripturas
1255 4662 1287 4710 sd

223 4727 341 4781 Domini
372 4743 550 4778 moeeamx.
601 4728 634 4777 Et
662 4744 737 4791 quum
789 4730 898 4794 ipsorum
910 4733 1008 4782 laudem
1024 4736 1287 4790 memoriracommen·

221 4813 361 4861 virtutum
379 4809 482 4872 praemia
498 4809 650 4860 merentibus
661 4809 737 4859 tribui
788 4811 847 4860 dnre
871 4820 897 4861 et
919 4814 950 4862 ad
970 4815 1112 4880 exemplum
1134 4819 1237 4882 posteris
1258 4829 1286 4872 ut
