<?xml version="1.0" encoding="UTF-8"?>
<!DOCTYPE html PUBLIC "-//W3C//DTD XHTML 1.0 Transitional//EN"
    "http://www.w3.org/TR/xhtml1/DTD/xhtml1-transitional.dtd">
<html xmlns="http://www.w3.org/1999/xhtml" xml:lang="en" lang="en">
 <head>
  <title>
</title>
<meta http-equiv="Content-Type" content="text/html;charset=utf-8" />
  <meta name='ocr-system' content='tesseract 3.04.00' />
  <meta name='ocr-capabilities' content='ocr_page ocr_carea ocr_par ocr_line ocrx_word'/>
</head>
<body>
  <div class='ocr_page' id='page_1' title='image "./chroniconabbati00marlgoog_0392.png"; bbox 0 0 3264 5662; ppageno 0'>
   <div class='ocr_carea' id='block_1_1' title="bbox 675 761 1289 835">
    <p class='ocr_par' dir='ltr' id='par_1_1' title="bbox 675 761 1289 835">
     <span class='ocr_line' id='line_1_1' title="bbox 675 761 1289 835; baseline 0.013 -11"><span class='ocrx_word' id='word_1_1' title='bbox 675 774 862 825; x_wconf 74' lang='lat' dir='ltr'>sermmx.</span> <span class='ocrx_word' id='word_1_2' title='bbox 1224 761 1289 835; x_wconf 79' lang='lat'>327</span> 
     </span>
    </p>
   </div>
   <div class='ocr_carea' id='block_1_2' title="bbox 212 959 1445 4421">
    <p class='ocr_par' dir='ltr' id='par_1_2' title="bbox 212 959 1445 4421">
     <span class='ocr_line' id='line_1_2' title="bbox 239 959 1445 1049; baseline 0.004 -25"><span class='ocrx_word' id='word_1_3' title='bbox 239 959 421 1025; x_wconf 86' lang='lat' dir='ltr'>secundum</span> <span class='ocrx_word' id='word_1_4' title='bbox 443 961 525 1028; x_wconf 75' lang='lat' dir='ltr'>vitae</span> <span class='ocrx_word' id='word_1_5' title='bbox 546 962 703 1026; x_wconf 89' lang='lat' dir='ltr'>meritum</span> <span class='ocrx_word' id='word_1_6' title='bbox 726 962 767 1026; x_wconf 91' lang='lat' dir='ltr'>de</span> <span class='ocrx_word' id='word_1_7' title='bbox 789 962 851 1027; x_wconf 86' lang='lat' dir='ltr'>hac</span> <span class='ocrx_word' id='word_1_8' title='bbox 873 963 944 1027; x_wconf 88' lang='lat' dir='ltr'>luce</span> <span class='ocrx_word' id='word_1_9' title='bbox 967 962 1134 1049; x_wconf 86' lang='lat' dir='ltr'>migrante</span> <span class='ocrx_word' id='word_1_10' title='bbox 1156 966 1199 1028; x_wconf 86' lang='lat' dir='ltr'>ad</span> <span class='ocrx_word' id='word_1_11' title='bbox 1222 964 1288 1029; x_wconf 92' lang='lat' dir='ltr'>Do·</span> <span class='ocrx_word' id='word_1_12' title='bbox 1309 970 1445 1029; x_wconf 59' lang='lat' dir='ltr'>aneso.</span> 
     </span>
     <span class='ocr_line' id='line_1_3' title="bbox 237 1063 1288 1151; baseline 0.006 -24"><span class='ocrx_word' id='word_1_13' title='bbox 237 1063 374 1144; x_wconf 89' lang='lat' dir='ltr'>minum,</span> <span class='ocrx_word' id='word_1_14' title='bbox 408 1065 512 1129; x_wconf 87' lang='lat' dir='ltr'>totius</span> <span class='ocrx_word' id='word_1_15' title='bbox 542 1065 635 1151; x_wconf 84' lang='lat' dir='ltr'>regni</span> <span class='ocrx_word' id='word_1_16' title='bbox 658 1087 696 1129; x_wconf 87' lang='lat' dir='ltr'>ac</span> <span class='ocrx_word' id='word_1_17' title='bbox 718 1071 930 1151; x_wconf 88' lang='lat' dir='ltr'>paternarmn</span> <span class='ocrx_word' id='word_1_18' title='bbox 952 1065 1149 1131; x_wconf 76' lang='lat' dir='ltr'>facultatum</span> <span class='ocrx_word' id='word_1_19' title='bbox 1172 1068 1288 1133; x_wconf 85' lang='lat' dir='ltr'>urricus</span> 
     </span>
     <span class='ocr_line' id='line_1_4' title="bbox 236 1167 1288 1256; baseline 0.005 -26"><span class='ocrx_word' id='word_1_20' title='bbox 236 1172 270 1230; x_wconf 87' lang='lat' dir='ltr'>et</span> <span class='ocrx_word' id='word_1_21' title='bbox 293 1188 391 1231; x_wconf 82' lang='lat' dir='ltr'>verus</span> <span class='ocrx_word' id='word_1_22' title='bbox 413 1167 545 1231; x_wconf 85' lang='lat' dir='ltr'>relictus</span> <span class='ocrx_word' id='word_1_23' title='bbox 568 1173 619 1232; x_wconf 88' lang='lat' dir='ltr'>est</span> <span class='ocrx_word' id='word_1_24' title='bbox 641 1167 754 1233; x_wconf 83' lang='lat' dir='ltr'>haeres.</span> <span class='ocrx_word' id='word_1_25' title='bbox 802 1168 913 1254; x_wconf 80' lang='lat' dir='ltr'><strong>Igitur</strong></span> <span class='ocrx_word' id='word_1_26' title='bbox 927 1168 1134 1234; x_wconf 87' lang='lat' dir='ltr'>ecclesiarum</span> <span class='ocrx_word' id='word_1_27' title='bbox 1157 1170 1288 1256; x_wconf 74' lang='lat' dir='ltr'>praelati</span> 
     </span>
     <span class='ocr_line' id='line_1_5' title="bbox 235 1270 1286 1359; baseline 0.006 -27"><span class='ocrx_word' id='word_1_28' title='bbox 235 1274 270 1332; x_wconf 90' lang='lat' dir='ltr'>et</span> <span class='ocrx_word' id='word_1_29' title='bbox 292 1270 386 1357; x_wconf 83' lang='lat' dir='ltr'>regni</span> <span class='ocrx_word' id='word_1_30' title='bbox 409 1277 579 1356; x_wconf 84' lang='lat' dir='ltr'>magnates</span> <span class='ocrx_word' id='word_1_31' title='bbox 609 1272 780 1356; x_wconf 85' lang='lat' dir='ltr'>totiusque</span> <span class='ocrx_word' id='word_1_32' title='bbox 811 1271 991 1357; x_wconf 73' lang='lat' dir='ltr'>provinciae</span> <span class='ocrx_word' id='word_1_33' title='bbox 1025 1272 1129 1336; x_wconf 88' lang='lat' dir='ltr'>clerus</span> <span class='ocrx_word' id='word_1_34' title='bbox 1161 1278 1196 1337; x_wconf 92' lang='lat' dir='ltr'>et</span> <span class='ocrx_word' id='word_1_35' title='bbox 1228 1296 1286 1359; x_wconf 93' lang='lat' dir='ltr'>po·</span> 
     </span>
     <span class='ocr_line' id='line_1_6' title="bbox 235 1372 1285 1459; baseline 0.005 -24"><span class='ocrx_word' id='word_1_36' title='bbox 235 1372 332 1457; x_wconf 86' lang='lat' dir='ltr'>pulus</span> <span class='ocrx_word' id='word_1_37' title='bbox 354 1395 375 1436; x_wconf 85' lang='lat' dir='ltr'>a</span> <span class='ocrx_word' id='word_1_38' title='bbox 396 1372 589 1437; x_wconf 87' lang='lat' dir='ltr'>civitatibus</span> <span class='ocrx_word' id='word_1_39' title='bbox 611 1374 753 1439; x_wconf 74' lang='lat' dir='ltr'>castellis</span> <span class='ocrx_word' id='word_1_40' title='bbox 776 1380 810 1439; x_wconf 91' lang='lat' dir='ltr'>et</span> <span class='ocrx_word' id='word_1_41' title='bbox 832 1374 914 1438; x_wconf 87' lang='lat' dir='ltr'>vicis</span> <span class='ocrx_word' id='word_1_42' title='bbox 945 1376 1039 1459; x_wconf 80' lang='lat' dir='ltr'>quasi</span> <span class='ocrx_word' id='word_1_43' title='bbox 1070 1375 1168 1440; x_wconf 90' lang='lat' dir='ltr'>homo</span> <span class='ocrx_word' id='word_1_44' title='bbox 1200 1398 1285 1441; x_wconf 88' lang='lat' dir='ltr'>unus</span> 
     </span>
     <span class='ocr_line' id='line_1_7' title="bbox 233 1476 1284 1562; baseline 0.004 -24"><span class='ocrx_word' id='word_1_45' title='bbox 233 1480 400 1551; x_wconf 83' lang='lat' dir='ltr'>exeuntes,</span> <span class='ocrx_word' id='word_1_46' title='bbox 433 1476 476 1539; x_wconf 89' lang='lat' dir='ltr'>ad</span> <span class='ocrx_word' id='word_1_47' title='bbox 508 1477 644 1540; x_wconf 88' lang='lat' dir='ltr'>beatum</span> <span class='ocrx_word' id='word_1_48' title='bbox 678 1476 876 1558; x_wconf 81' lang='lat' dir='ltr'>Wietenum,</span> <span class='ocrx_word' id='word_1_49' title='bbox 915 1482 1075 1562; x_wconf 89' lang='lat' dir='ltr'>tanquam</span> <span class='ocrx_word' id='word_1_50' title='bbox 1113 1478 1284 1543; x_wconf 91' lang='lat' dir='ltr'>dominum</span> 
     </span>
     <span class='ocr_line' id='line_1_8' title="bbox 233 1577 1283 1666; baseline 0.006 -26"><span class='ocrx_word' id='word_1_51' title='bbox 233 1597 330 1640; x_wconf 86' lang='lat' dir='ltr'>suum</span> <span class='ocrx_word' id='word_1_52' title='bbox 345 1577 531 1642; x_wconf 79' lang='lat' dir='ltr'>naturalem</span> <span class='ocrx_word' id='word_1_53' title='bbox 546 1584 581 1643; x_wconf 92' lang='lat' dir='ltr'>et</span> <span class='ocrx_word' id='word_1_54' title='bbox 603 1579 697 1665; x_wconf 84' lang='lat' dir='ltr'>regni</span> <span class='ocrx_word' id='word_1_55' title='bbox 711 1579 875 1645; x_wconf 72' lang='lat' dir='ltr'>haeredem</span> <span class='ocrx_word' id='word_1_56' title='bbox 889 1580 1085 1666; x_wconf 81' lang='lat' dir='ltr'>legitimum,</span> <span class='ocrx_word' id='word_1_57' title='bbox 1101 1585 1141 1644; x_wconf 92' lang='lat' dir='ltr'>ut</span> <span class='ocrx_word' id='word_1_58' title='bbox 1157 1602 1231 1646; x_wconf 90' lang='lat' dir='ltr'>eum</span> <span class='ocrx_word' id='word_1_59' title='bbox 1247 1583 1283 1646; x_wconf 90' lang='lat' dir='ltr'>in</span> 
     </span>
     <span class='ocr_line' id='line_1_9' title="bbox 234 1679 1283 1765; baseline 0.006 -22"><span class='ocrx_word' id='word_1_60' title='bbox 234 1700 343 1765; x_wconf 85' lang='lat' dir='ltr'>regern</span> <span class='ocrx_word' id='word_1_61' title='bbox 366 1679 583 1744; x_wconf 84' lang='lat' dir='ltr'>sublimarent</span> <span class='ocrx_word' id='word_1_62' title='bbox 615 1683 816 1747; x_wconf 89' lang='lat' dir='ltr'>unanimiter</span> <span class='ocrx_word' id='word_1_63' title='bbox 845 1688 1016 1747; x_wconf 83' lang='lat' dir='ltr'>venerrmt.</span> <span class='ocrx_word' id='word_1_64' title='bbox 1067 1683 1283 1749; x_wconf 84' lang='lat' dir='ltr'>Beatissimus</span> 
     </span>
     <span class='ocr_line' id='line_1_10' title="bbox 233 1782 1283 1871; baseline 0.006 -26"><span class='ocrx_word' id='word_1_65' title='bbox 233 1804 310 1847; x_wconf 90' lang='lat' dir='ltr'>vero</span> <span class='ocrx_word' id='word_1_66' title='bbox 334 1782 505 1848; x_wconf 87' lang='lat' dir='ltr'>Wistanus</span> <span class='ocrx_word' id='word_1_67' title='bbox 539 1792 675 1870; x_wconf 85' lang='lat' dir='ltr'>martyr,</span> <span class='ocrx_word' id='word_1_68' title='bbox 700 1785 793 1871; x_wconf 89' lang='lat' dir='ltr'>cujus</span> <span class='ocrx_word' id='word_1_69' title='bbox 828 1807 883 1849; x_wconf 91' lang='lat' dir='ltr'>cor</span> <span class='ocrx_word' id='word_1_70' title='bbox 905 1807 926 1848; x_wconf 89' lang='lat' dir='ltr'>a</span> <span class='ocrx_word' id='word_1_71' title='bbox 951 1786 1096 1871; x_wconf 85' lang='lat' dir='ltr'>pueritie</span> <span class='ocrx_word' id='word_1_72' title='bbox 1119 1786 1283 1852; x_wconf 83' lang='lat' dir='ltr'>Dominus</span> 
     </span>
     <span class='ocr_line' id='line_1_11' title="bbox 232 1883 1283 1954; baseline 0.006 -7"><span class='ocrx_word' id='word_1_73' title='bbox 232 1883 478 1951; x_wconf 82' lang='lat' dir='ltr'>illuminaverat</span> <span class='ocrx_word' id='word_1_74' title='bbox 500 1892 535 1951; x_wconf 89' lang='lat' dir='ltr'>et</span> <span class='ocrx_word' id='word_1_75' title='bbox 556 1889 737 1953; x_wconf 87' lang='lat' dir='ltr'>eoecitatem</span> <span class='ocrx_word' id='word_1_76' title='bbox 760 1888 970 1952; x_wconf 86' lang='lat' dir='ltr'>tenebrarum</span> <span class='ocrx_word' id='word_1_77' title='bbox 1002 1887 1120 1953; x_wconf 83' lang='lat' dir='ltr'>harum</span> <span class='ocrx_word' id='word_1_78' title='bbox 1151 1894 1185 1953; x_wconf 89' lang='lat' dir='ltr'>et</span> <span class='ocrx_word' id='word_1_79' title='bbox 1211 1890 1283 1954; x_wconf 93' lang='lat' dir='ltr'>ille-</span> 
     </span>
     <span class='ocr_line' id='line_1_12' title="bbox 232 1988 1283 2076; baseline 0.005 -25"><span class='ocrx_word' id='word_1_80' title='bbox 232 1988 344 2052; x_wconf 80' lang='lat' dir='ltr'>cebrae</span> <span class='ocrx_word' id='word_1_81' title='bbox 358 1990 533 2053; x_wconf 78' lang='lat' dir='ltr'>mundanae</span> <span class='ocrx_word' id='word_1_82' title='bbox 547 1988 685 2055; x_wconf 73' lang='lat' dir='ltr'>fallaciae</span> <span class='ocrx_word' id='word_1_83' title='bbox 701 1992 743 2055; x_wconf 89' lang='lat' dir='ltr'>ab</span> <span class='ocrx_word' id='word_1_84' title='bbox 759 2012 797 2055; x_wconf 91' lang='lat' dir='ltr'>eo</span> <span class='ocrx_word' id='word_1_85' title='bbox 812 1990 985 2076; x_wconf 83' lang='lat' dir='ltr'>repulerat,</span> <span class='ocrx_word' id='word_1_86' title='bbox 1001 1990 1127 2055; x_wconf 90' lang='lat' dir='ltr'>malens</span> <span class='ocrx_word' id='word_1_87' title='bbox 1142 1991 1283 2056; x_wconf 69' lang='lat' dir='ltr'>eoelestis</span> 
     </span>
     <span class='ocr_line' id='line_1_13' title="bbox 233 2089 1282 2179; baseline 0.006 -26"><span class='ocrx_word' id='word_1_88' title='bbox 233 2089 435 2155; x_wconf 66' lang='lat' dir='ltr'>haereditatis</span> <span class='ocrx_word' id='word_1_89' title='bbox 469 2091 631 2157; x_wconf 81' lang='lat' dir='ltr'>cohaeres¹</span> <span class='ocrx_word' id='word_1_90' title='bbox 666 2093 738 2158; x_wconf 91' lang='lat' dir='ltr'>fieri</span> <span class='ocrx_word' id='word_1_91' title='bbox 773 2114 872 2178; x_wconf 87' lang='lat' dir='ltr'>quern</span> <span class='ocrx_word' id='word_1_92' title='bbox 906 2093 1093 2159; x_wconf 83' lang='lat' dir='ltr'>haereditati</span> <span class='ocrx_word' id='word_1_93' title='bbox 1127 2095 1282 2179; x_wconf 76' lang='lat' dir='ltr'>periturae</span> 
     </span>
     <span class='ocr_line' id='line_1_14' title="bbox 231 2192 1282 2281; baseline 0.006 -25"><span class='ocrx_word' id='word_1_94' title='bbox 231 2192 406 2271; x_wconf 68' lang='lat' dir='ltr'>adhaerere,</span> <span class='ocrx_word' id='word_1_95' title='bbox 438 2196 627 2280; x_wconf 86' lang='lat' dir='ltr'>exemplum</span> <span class='ocrx_word' id='word_1_96' title='bbox 650 2195 786 2260; x_wconf 89' lang='lat' dir='ltr'>Domini</span> <span class='ocrx_word' id='word_1_97' title='bbox 816 2201 947 2261; x_wconf 86' lang='lat' dir='ltr'>secutus</span> <span class='ocrx_word' id='word_1_98' title='bbox 979 2197 1117 2281; x_wconf 88' lang='lat' dir='ltr'>imperia</span> <span class='ocrx_word' id='word_1_99' title='bbox 1151 2202 1282 2262; x_wconf 87' lang='lat' dir='ltr'>terrene</span> 
     </span>
     <span class='ocr_line' id='line_1_15' title="bbox 231 2298 1280 2384; baseline 0.003 -24"><span class='ocrx_word' id='word_1_100' title='bbox 231 2298 363 2381; x_wconf 89' lang='lat' dir='ltr'>respuit,</span> <span class='ocrx_word' id='word_1_101' title='bbox 386 2303 592 2362; x_wconf 87' lang='lat' dir='ltr'>commutans</span> <span class='ocrx_word' id='word_1_102' title='bbox 615 2320 654 2362; x_wconf 88' lang='lat' dir='ltr'>ea</span> <span class='ocrx_word' id='word_1_103' title='bbox 679 2320 738 2384; x_wconf 93' lang='lat' dir='ltr'>pro</span> <span class='ocrx_word' id='word_1_104' title='bbox 765 2298 890 2363; x_wconf 90' lang='lat' dir='ltr'>coelesti</span> <span class='ocrx_word' id='word_1_105' title='bbox 919 2298 1121 2363; x_wconf 74' lang='lat' dir='ltr'>haereditate.</span> <span class='ocrx_word' id='word_1_106' title='bbox 1169 2299 1280 2378; x_wconf 81' lang='lat' dir='ltr'>Quum</span> 
     </span>
     <span class='ocr_line' id='line_1_16' title="bbox 231 2398 1280 2486; baseline 0.004 -24"><span class='ocrx_word' id='word_1_107' title='bbox 231 2398 318 2463; x_wconf 90' lang='lat' dir='ltr'>enim</span> <span class='ocrx_word' id='word_1_108' title='bbox 341 2399 552 2485; x_wconf 59' lang='lat' dir='ltr'>praelatorum</span> <span class='ocrx_word' id='word_1_109' title='bbox 575 2401 620 2464; x_wconf 88' lang='lat' dir='ltr'>sit</span> <span class='ocrx_word' id='word_1_110' title='bbox 642 2402 789 2465; x_wconf 90' lang='lat' dir='ltr'>studium</span> <span class='ocrx_word' id='word_1_111' title='bbox 804 2401 910 2486; x_wconf 86' lang='lat' dir='ltr'>magis</span> <span class='ocrx_word' id='word_1_112' title='bbox 925 2402 1030 2465; x_wconf 84' lang='lat' dir='ltr'>amari</span> <span class='ocrx_word' id='word_1_113' title='bbox 1045 2423 1144 2485; x_wconf 87' lang='lat' dir='ltr'>quam</span> <span class='ocrx_word' id='word_1_114' title='bbox 1159 2401 1280 2479; x_wconf 88' lang='lat' dir='ltr'>timeri,</span> 
     </span>
     <span class='ocr_line' id='line_1_17' title="bbox 231 2502 1281 2591; baseline 0.003 -25"><span class='ocrx_word' id='word_1_115' title='bbox 231 2502 333 2566; x_wconf 88' lang='lat' dir='ltr'>sciens</span> <span class='ocrx_word' id='word_1_116' title='bbox 356 2508 469 2567; x_wconf 86' lang='lat' dir='ltr'>tamen</span> <span class='ocrx_word' id='word_1_117' title='bbox 491 2503 701 2567; x_wconf 76' lang='lat' dir='ltr'>adolescens²</span> <span class='ocrx_word' id='word_1_118' title='bbox 724 2503 975 2567; x_wconf 78' lang='lat' dir='ltr'>discretissimus</span> <span class='ocrx_word' id='word_1_119' title='bbox 999 2503 1184 2591; x_wconf 85' lang='lat' dir='ltr'>principum</span> <span class='ocrx_word' id='word_1_120' title='bbox 1214 2503 1281 2569; x_wconf 84' lang='lat' dir='ltr'>dici</span> 
     </span>
     <span class='ocr_line' id='line_1_18' title="bbox 231 2605 1279 2693; baseline 0.003 -25"><span class='ocrx_word' id='word_1_121' title='bbox 231 2605 397 2692; x_wconf 88' lang='lat' dir='ltr'>proprium</span> <span class='ocrx_word' id='word_1_122' title='bbox 421 2607 526 2693; x_wconf 81' lang='lat' dir='ltr'>magis</span> <span class='ocrx_word' id='word_1_123' title='bbox 549 2606 659 2671; x_wconf 85' lang='lat' dir='ltr'>timeri</span> <span class='ocrx_word' id='word_1_124' title='bbox 688 2626 787 2691; x_wconf 81' lang='lat' dir='ltr'>quam</span> <span class='ocrx_word' id='word_1_125' title='bbox 810 2606 923 2685; x_wconf 87' lang='lat' dir='ltr'>amari,</span> <span class='ocrx_word' id='word_1_126' title='bbox 946 2612 986 2670; x_wconf 89' lang='lat' dir='ltr'>ut</span> <span class='ocrx_word' id='word_1_127' title='bbox 1018 2606 1092 2692; x_wconf 84' lang='lat' dir='ltr'>pius</span> <span class='ocrx_word' id='word_1_128' title='bbox 1124 2612 1158 2671; x_wconf 90' lang='lat' dir='ltr'>et</span> <span class='ocrx_word' id='word_1_129' title='bbox 1187 2606 1279 2671; x_wconf 87' lang='lat' dir='ltr'>mitis</span> 
     </span>
     <span class='ocr_line' id='line_1_19' title="bbox 230 2709 1280 2795; baseline 0.004 -24"><span class='ocrx_word' id='word_1_130' title='bbox 230 2709 333 2772; x_wconf 83' lang='lat' dir='ltr'>amari</span> <span class='ocrx_word' id='word_1_131' title='bbox 356 2709 490 2793; x_wconf 90' lang='lat' dir='ltr'>cupiens</span> <span class='ocrx_word' id='word_1_132' title='bbox 513 2709 569 2794; x_wconf 88' lang='lat' dir='ltr'>qui</span> <span class='ocrx_word' id='word_1_133' title='bbox 592 2709 685 2795; x_wconf 86' lang='lat' dir='ltr'>regni</span> <span class='ocrx_word' id='word_1_134' title='bbox 703 2709 781 2795; x_wconf 90' lang='lat' dir='ltr'>jura</span> <span class='ocrx_word' id='word_1_135' title='bbox 803 2710 937 2795; x_wconf 81' lang='lat' dir='ltr'>regebat</span> <span class='ocrx_word' id='word_1_136' title='bbox 969 2711 1092 2795; x_wconf 70' lang='lat' dir='ltr'>reginas</span> <span class='ocrx_word' id='word_1_137' title='bbox 1115 2710 1214 2775; x_wconf 84' lang='lat' dir='ltr'>matri</span> <span class='ocrx_word' id='word_1_138' title='bbox 1244 2716 1280 2775; x_wconf 92' lang='lat' dir='ltr'>et</span> 
     </span>
     <span class='ocr_line' id='line_1_20' title="bbox 230 2811 1278 2897; baseline 0.004 -22"><span class='ocrx_word' id='word_1_139' title='bbox 230 2811 321 2896; x_wconf 88' lang='lat' dir='ltr'>regni</span> <span class='ocrx_word' id='word_1_140' title='bbox 344 2811 530 2897; x_wconf 80' lang='lat' dir='ltr'>proceribus</span> <span class='ocrx_word' id='word_1_141' title='bbox 553 2812 611 2897; x_wconf 91' lang='lat' dir='ltr'>qui</span> <span class='ocrx_word' id='word_1_142' title='bbox 626 2811 826 2875; x_wconf 86' lang='lat' dir='ltr'>timerentur</span> <span class='ocrx_word' id='word_1_143' title='bbox 840 2812 934 2897; x_wconf 86' lang='lat' dir='ltr'>regni</span> <span class='ocrx_word' id='word_1_144' title='bbox 949 2812 1112 2876; x_wconf 88' lang='lat' dir='ltr'>commisit</span> <span class='ocrx_word' id='word_1_145' title='bbox 1126 2811 1278 2879; x_wconf 87' lang='lat' dir='ltr'>habenas.</span> 
     </span>
     <span class='ocr_line' id='line_1_21' title="bbox 232 2912 1279 3001; baseline 0.004 -25"><span class='ocrx_word' id='word_1_146' title='bbox 232 2912 300 2977; x_wconf 87' lang='lat' dir='ltr'>Nec</span> <span class='ocrx_word' id='word_1_147' title='bbox 321 2920 435 2977; x_wconf 87' lang='lat' dir='ltr'>tamen</span> <span class='ocrx_word' id='word_1_148' title='bbox 453 2914 522 2998; x_wconf 87' lang='lat' dir='ltr'>juri</span> <span class='ocrx_word' id='word_1_149' title='bbox 544 2914 754 2979; x_wconf 85' lang='lat' dir='ltr'>lraereditario</span> <span class='ocrx_word' id='word_1_150' title='bbox 779 2914 988 2978; x_wconf 87' lang='lat' dir='ltr'>renuntiavit</span> <span class='ocrx_word' id='word_1_151' title='bbox 1011 2914 1113 2978; x_wconf 89' lang='lat' dir='ltr'>donec</span> <span class='ocrx_word' id='word_1_152' title='bbox 1140 2914 1181 2978; x_wconf 92' lang='lat' dir='ltr'>de</span> <span class='ocrx_word' id='word_1_153' title='bbox 1203 2938 1279 3001; x_wconf 82' lang='lat' dir='ltr'>rege</span> 
     </span>
     <span class='ocr_line' id='line_1_22' title="bbox 231 3016 1277 3102; baseline 0.004 -24"><span class='ocrx_word' id='word_1_154' title='bbox 231 3016 291 3079; x_wconf 92' lang='lat' dir='ltr'>sibi</span> <span class='ocrx_word' id='word_1_155' title='bbox 320 3016 551 3081; x_wconf 89' lang='lat' dir='ltr'>substituendo</span> <span class='ocrx_word' id='word_1_156' title='bbox 583 3017 745 3081; x_wconf 84' lang='lat' dir='ltr'>Dominus</span> <span class='ocrx_word' id='word_1_157' title='bbox 768 3017 866 3081; x_wconf 89' lang='lat' dir='ltr'>aliter</span> <span class='ocrx_word' id='word_1_158' title='bbox 897 3017 1092 3102; x_wconf 86' lang='lat' dir='ltr'>provideret.</span> <span class='ocrx_word' id='word_1_159' title='bbox 1147 3017 1277 3082; x_wconf 88' lang='lat' dir='ltr'>Oado·</span> 
     </span>
     <span class='ocr_line' id='line_1_23' title="bbox 230 3117 1278 3205; baseline 0.003 -23"><span class='ocrx_word' id='word_1_160' title='bbox 230 3117 428 3183; x_wconf 79' lang='lat' dir='ltr'>lescentem⁸</span> <span class='ocrx_word' id='word_1_161' title='bbox 459 3119 683 3183; x_wconf 85' lang='lat' dir='ltr'>ineffabilem!</span> <span class='ocrx_word' id='word_1_162' title='bbox 715 3120 772 3204; x_wconf 91' lang='lat' dir='ltr'>qui</span> <span class='ocrx_word' id='word_1_163' title='bbox 799 3120 922 3205; x_wconf 79' lang='lat' dir='ltr'>regiam</span> <span class='ocrx_word' id='word_1_164' title='bbox 957 3120 1155 3205; x_wconf 77' lang='lat' dir='ltr'>dignitatem</span> <span class='ocrx_word' id='word_1_165' title='bbox 1188 3142 1278 3185; x_wconf 87' lang='lat' dir='ltr'>recu·</span> 
     </span>
     <span class='ocr_line' id='line_1_24' title="bbox 231 3222 1277 3308; baseline 0.004 -24"><span class='ocrx_word' id='word_1_166' title='bbox 231 3222 325 3302; x_wconf 86' lang='lat' dir='ltr'>savit,</span> <span class='ocrx_word' id='word_1_167' title='bbox 350 3227 384 3285; x_wconf 88' lang='lat' dir='ltr'>et</span> <span class='ocrx_word' id='word_1_168' title='bbox 406 3227 518 3285; x_wconf 83' lang='lat' dir='ltr'>tamen</span> <span class='ocrx_word' id='word_1_169' title='bbox 540 3223 701 3308; x_wconf 87' lang='lat' dir='ltr'>populum</span> <span class='ocrx_word' id='word_1_170' title='bbox 720 3243 816 3285; x_wconf 89' lang='lat' dir='ltr'>suum</span> <span class='ocrx_word' id='word_1_171' title='bbox 834 3223 904 3285; x_wconf 77' lang='lat' dir='ltr'>sine</span> <span class='ocrx_word' id='word_1_172' title='bbox 920 3222 1079 3308; x_wconf 81' lang='lat' dir='ltr'>regimine</span> <span class='ocrx_word' id='word_1_173' title='bbox 1095 3222 1277 3307; x_wconf 84' lang='lat' dir='ltr'>relinquere</span> 
     </span>
     <span class='ocr_line' id='line_1_25' title="bbox 231 3324 1275 3403; baseline 0.001 -15"><span class='ocrx_word' id='word_1_174' title='bbox 231 3324 346 3403; x_wconf 88' lang='lat' dir='ltr'>noluit,</span> <span class='ocrx_word' id='word_1_175' title='bbox 369 3325 426 3388; x_wconf 89' lang='lat' dir='ltr'>sed</span> <span class='ocrx_word' id='word_1_176' title='bbox 450 3325 499 3388; x_wconf 90' lang='lat' dir='ltr'>ita</span> <span class='ocrx_word' id='word_1_177' title='bbox 521 3346 555 3387; x_wconf 89' lang='lat' dir='ltr'>sc</span> <span class='ocrx_word' id='word_1_178' title='bbox 579 3330 613 3389; x_wconf 89' lang='lat' dir='ltr'>et</span> <span class='ocrx_word' id='word_1_179' title='bbox 635 3324 759 3389; x_wconf 85' lang='lat' dir='ltr'>factum</span> <span class='ocrx_word' id='word_1_180' title='bbox 782 3325 927 3389; x_wconf 89' lang='lat' dir='ltr'>suumin</span> <span class='ocrx_word' id='word_1_181' title='bbox 946 3346 1023 3388; x_wconf 85' lang='lat' dir='ltr'>casu</span> <span class='ocrx_word' id='word_1_182' title='bbox 1037 3324 1177 3387; x_wconf 87' lang='lat' dir='ltr'>instanti</span> <span class='ocrx_word' id='word_1_183' title='bbox 1192 3330 1275 3389; x_wconf 89' lang='lat' dir='ltr'>tem-</span> 
     </span>
     <span class='ocr_line' id='line_1_26' title="bbox 231 3426 1275 3514; baseline 0 -24"><span class='ocrx_word' id='word_1_184' title='bbox 231 3426 357 3514; x_wconf 88' lang='lat' dir='ltr'>peravit</span> <span class='ocrx_word' id='word_1_185' title='bbox 388 3432 428 3490; x_wconf 92' lang='lat' dir='ltr'>ut</span> <span class='ocrx_word' id='word_1_186' title='bbox 461 3432 495 3490; x_wconf 90' lang='lat' dir='ltr'>et</span> <span class='ocrx_word' id='word_1_187' title='bbox 527 3428 577 3490; x_wconf 88' lang='lat' dir='ltr'>sui</span> <span class='ocrx_word' id='word_1_188' title='bbox 608 3427 710 3513; x_wconf 85' lang='lat' dir='ltr'>ipsius</span> <span class='ocrx_word' id='word_1_189' title='bbox 740 3448 799 3512; x_wconf 89' lang='lat' dir='ltr'>per</span> <span class='ocrx_word' id='word_1_190' title='bbox 828 3449 862 3489; x_wconf 85' lang='lat' dir='ltr'>se</span> <span class='ocrx_word' id='word_1_191' title='bbox 886 3428 992 3511; x_wconf 88' lang='lat' dir='ltr'>ipsum</span> <span class='ocrx_word' id='word_1_192' title='bbox 1016 3426 1140 3490; x_wconf 85' lang='lat' dir='ltr'>curioso</span> <span class='ocrx_word' id='word_1_193' title='bbox 1163 3448 1275 3491; x_wconf 87' lang='lat' dir='ltr'>curam</span> 
     </span>
     <span class='ocr_line' id='line_1_27' title="bbox 231 3530 1275 3615; baseline 0.003 -22"><span class='ocrx_word' id='word_1_194' title='bbox 231 3535 355 3615; x_wconf 79' lang='lat' dir='ltr'>gereret</span> <span class='ocrx_word' id='word_1_195' title='bbox 378 3535 412 3594; x_wconf 91' lang='lat' dir='ltr'>et</span> <span class='ocrx_word' id='word_1_196' title='bbox 434 3551 493 3615; x_wconf 89' lang='lat' dir='ltr'>per</span> <span class='ocrx_word' id='word_1_197' title='bbox 515 3530 595 3594; x_wconf 86' lang='lat' dir='ltr'>alios</span> <span class='ocrx_word' id='word_1_198' title='bbox 618 3531 716 3594; x_wconf 69' lang='lat' dir='ltr'>euriae</span> <span class='ocrx_word' id='word_1_199' title='bbox 738 3550 806 3594; x_wconf 84' lang='lat' dir='ltr'>suro</span> <span class='ocrx_word' id='word_1_200' title='bbox 827 3551 920 3594; x_wconf 86' lang='lat' dir='ltr'>curas</span> <span class='ocrx_word' id='word_1_201' title='bbox 943 3530 1065 3614; x_wconf 78' lang='lat' dir='ltr'>absque</span> <span class='ocrx_word' id='word_1_202' title='bbox 1080 3530 1275 3596; x_wconf 86' lang='lat' dir='ltr'>erudelitate</span> 
     </span>
     <span class='ocr_line' id='line_1_28' title="bbox 230 3632 1275 3719; baseline 0.003 -23"><span class='ocrx_word' id='word_1_203' title='bbox 230 3638 364 3698; x_wconf 85' lang='lat' dir='ltr'>curaret.</span> <span class='ocrx_word' id='word_1_204' title='bbox 422 3634 537 3718; x_wconf 77' lang='lat' dir='ltr'>Regno</span> <span class='ocrx_word' id='word_1_205' title='bbox 564 3634 675 3717; x_wconf 87' lang='lat' dir='ltr'>itaquo</span> <span class='ocrx_word' id='word_1_206' title='bbox 699 3632 739 3695; x_wconf 88' lang='lat' dir='ltr'>de</span> <span class='ocrx_word' id='word_1_207' title='bbox 762 3653 922 3697; x_wconf 86' lang='lat' dir='ltr'>consensu</span> <span class='ocrx_word' id='word_1_208' title='bbox 945 3632 1021 3696; x_wconf 88' lang='lat' dir='ltr'>cleri</span> <span class='ocrx_word' id='word_1_209' title='bbox 1045 3638 1079 3697; x_wconf 90' lang='lat' dir='ltr'>et</span> <span class='ocrx_word' id='word_1_210' title='bbox 1102 3634 1215 3719; x_wconf 93' lang='lat' dir='ltr'>populi</span> <span class='ocrx_word' id='word_1_211' title='bbox 1240 3635 1275 3699; x_wconf 91' lang='lat' dir='ltr'>in</span> 
     </span>
     <span class='ocr_line' id='line_1_29' title="bbox 228 3736 1273 3822; baseline 0.002 -21"><span class='ocrx_word' id='word_1_212' title='bbox 228 3758 302 3821; x_wconf 86' lang='lat' dir='ltr'>paee</span> <span class='ocrx_word' id='word_1_213' title='bbox 338 3736 495 3811; x_wconf 87' lang='lat' dir='ltr'>stabilite,</span> <span class='ocrx_word' id='word_1_214' title='bbox 530 3736 619 3822; x_wconf 86' lang='lat' dir='ltr'>pacis</span> <span class='ocrx_word' id='word_1_215' title='bbox 653 3739 840 3821; x_wconf 87' lang='lat' dir='ltr'>persecutor</span> <span class='ocrx_word' id='word_1_216' title='bbox 874 3742 908 3800; x_wconf 91' lang='lat' dir='ltr'>et</span> <span class='ocrx_word' id='word_1_217' title='bbox 946 3736 1116 3801; x_wconf 72' lang='lat' dir='ltr'>discordie</span> <span class='ocrx_word' id='word_1_218' title='bbox 1138 3744 1273 3817; x_wconf 79' lang='lat' dir='ltr'>curator,</span> 
     </span>
     <span class='ocr_line' id='line_1_30' title="bbox 226 3837 1274 3925; baseline 0.004 -24"><span class='ocrx_word' id='word_1_219' title='bbox 226 3837 378 3905; x_wconf 76' lang='lat' dir='ltr'>inimicus</span> <span class='ocrx_word' id='word_1_220' title='bbox 410 3838 547 3903; x_wconf 86' lang='lat' dir='ltr'>humani</span> <span class='ocrx_word' id='word_1_221' title='bbox 579 3839 716 3925; x_wconf 80' lang='lat' dir='ltr'>generis,</span> <span class='ocrx_word' id='word_1_222' title='bbox 750 3843 856 3902; x_wconf 82' lang='lat' dir='ltr'>tantae</span> <span class='ocrx_word' id='word_1_223' title='bbox 891 3839 980 3924; x_wconf 88' lang='lat' dir='ltr'>pacis</span> <span class='ocrx_word' id='word_1_224' title='bbox 1013 3840 1274 3924; x_wconf 80' lang='lat' dir='ltr'>tranquillitati⁴</span> 
     </span>
     <span class='ocr_line' id='line_1_31' title="bbox 224 3940 1270 4027; baseline 0.004 -24"><span class='ocrx_word' id='word_1_225' title='bbox 224 3940 386 4013; x_wconf 84' lang='lat' dir='ltr'>invidens,</span> <span class='ocrx_word' id='word_1_226' title='bbox 419 3943 507 4006; x_wconf 88' lang='lat' dir='ltr'>inter</span> <span class='ocrx_word' id='word_1_227' title='bbox 540 3947 711 4027; x_wconf 85' lang='lat' dir='ltr'>magnates</span> <span class='ocrx_word' id='word_1_228' title='bbox 740 3941 833 4026; x_wconf 82' lang='lat' dir='ltr'>regni</span> <span class='ocrx_word' id='word_1_229' title='bbox 863 3942 1051 4017; x_wconf 83' lang='lat' dir='ltr'>maximum,</span> <span class='ocrx_word' id='word_1_230' title='bbox 1085 3941 1270 4007; x_wconf 85' lang='lat' dir='ltr'>Brisardum</span> 
     </span>
     <span class='ocr_line' id='line_1_32' title="bbox 221 4043 1270 4129; baseline 0.003 -22"><span class='ocrx_word' id='word_1_231' title='bbox 221 4046 380 4111; x_wconf 88' lang='lat' dir='ltr'>videlieet</span> <span class='ocrx_word' id='word_1_232' title='bbox 403 4044 577 4119; x_wconf 81' lang='lat' dir='ltr'>consulem,</span> <span class='ocrx_word' id='word_1_233' title='bbox 603 4049 708 4109; x_wconf 72' lang='lat' dir='ltr'>tantae</span> <span class='ocrx_word' id='word_1_234' title='bbox 732 4043 853 4129; x_wconf 83' lang='lat' dir='ltr'>quietis</span> <span class='ocrx_word' id='word_1_235' title='bbox 868 4043 1071 4107; x_wconf 86' lang='lat' dir='ltr'>turbatorem</span> <span class='ocrx_word' id='word_1_236' title='bbox 1089 4045 1270 4111; x_wconf 85' lang='lat' dir='ltr'>suscitavit.</span> 
     </span>
     <span class='ocr_line' id='line_1_33' title="bbox 216 4145 1270 4232; baseline 0.002 -21"><span class='ocrx_word' id='word_1_237' title='bbox 216 4145 318 4215; x_wconf 84' lang='lat' dir='ltr'>Idem</span> <span class='ocrx_word' id='word_1_238' title='bbox 341 4169 483 4232; x_wconf 89' lang='lat' dir='ltr'>namque</span> <span class='ocrx_word' id='word_1_239' title='bbox 514 4147 701 4212; x_wconf 81' lang='lat' dir='ltr'>Britfardus</span> <span class='ocrx_word' id='word_1_240' title='bbox 730 4147 847 4211; x_wconf 84' lang='lat' dir='ltr'>videns</span> <span class='ocrx_word' id='word_1_241' title='bbox 877 4168 1014 4231; x_wconf 77' lang='lat' dir='ltr'>regnum</span> <span class='ocrx_word' id='word_1_242' title='bbox 1046 4167 1113 4211; x_wconf 90' lang='lat' dir='ltr'>non</span> <span class='ocrx_word' id='word_1_243' title='bbox 1146 4158 1270 4214; x_wconf 87' lang='lat' dir='ltr'>rectore</span> 
     </span>
     <span class='ocr_line' id='line_1_34' title="bbox 213 4249 1271 4338; baseline 0.004 -25"><span class='ocrx_word' id='word_1_244' title='bbox 213 4253 281 4317; x_wconf 84' lang='lat' dir='ltr'>sed</span> <span class='ocrx_word' id='word_1_245' title='bbox 303 4252 390 4338; x_wconf 82' lang='lat' dir='ltr'>regie</span> <span class='ocrx_word' id='word_1_246' title='bbox 412 4251 545 4315; x_wconf 87' lang='lat' dir='ltr'>nomine</span> <span class='ocrx_word' id='word_1_247' title='bbox 568 4251 774 4323; x_wconf 86' lang='lat' dir='ltr'>destitutum,</span> <span class='ocrx_word' id='word_1_248' title='bbox 798 4254 837 4313; x_wconf 93' lang='lat' dir='ltr'>ut</span> <span class='ocrx_word' id='word_1_249' title='bbox 860 4249 992 4314; x_wconf 86' lang='lat' dir='ltr'>domino</span> <span class='ocrx_word' id='word_1_250' title='bbox 1022 4271 1081 4314; x_wconf 90' lang='lat' dir='ltr'>suo</span> <span class='ocrx_word' id='word_1_251' title='bbox 1104 4251 1141 4315; x_wconf 91' lang='lat' dir='ltr'>in</span> <span class='ocrx_word' id='word_1_252' title='bbox 1171 4274 1271 4337; x_wconf 84' lang='lat' dir='ltr'>regno</span> 
     </span>
     <span class='ocr_line' id='line_1_35' title="bbox 212 4352 1270 4421; baseline 0.002 -4"><span class='ocrx_word' id='word_1_253' title='bbox 212 4356 278 4421; x_wconf 83' lang='lat' dir='ltr'>vel</span> <span class='ocrx_word' id='word_1_254' title='bbox 300 4354 430 4419; x_wconf 86' lang='lat' dir='ltr'>viventi</span> <span class='ocrx_word' id='word_1_255' title='bbox 457 4353 715 4418; x_wconf 85' lang='lat' dir='ltr'>substitueretur</span> <span class='ocrx_word' id='word_1_256' title='bbox 738 4352 792 4417; x_wconf 82' lang='lat' dir='ltr'>vel</span> <span class='ocrx_word' id='word_1_257' title='bbox 823 4358 954 4417; x_wconf 84' lang='lat' dir='ltr'>rrrortuo</span> <span class='ocrx_word' id='word_1_258' title='bbox 986 4353 1170 4419; x_wconf 76' lang='lat' dir='ltr'>succederet</span> <span class='ocrx_word' id='word_1_259' title='bbox 1200 4356 1270 4419; x_wconf 85' lang='lat' dir='ltr'>sive</span> 
     </span>
    </p>
   </div>
   <div class='ocr_carea' id='block_1_3' title="bbox 228 4516 1259 4529">
    <p class='ocr_par' dir='ltr' id='par_1_3' title="bbox 228 4516 1259 4529">
     <span class='ocr_line' id='line_1_36' title="bbox 228 4516 1259 4529; baseline 0 -2"><span class='ocrx_word' id='word_1_260' title='bbox 228 4518 373 4527; x_wconf 67' lang='lat'><strong>—·--.--..--..</strong></span> <span class='ocrx_word' id='word_1_261' title='bbox 384 4520 476 4527; x_wconf 77' lang='lat'>.—-.-—</span> <span class='ocrx_word' id='word_1_262' title='bbox 486 4519 576 4525; x_wconf 83' lang='lat'><strong>——---</strong></span> <span class='ocrx_word' id='word_1_263' title='bbox 777 4516 985 4523; x_wconf 72' lang='lat'>-——-—.</span> <span class='ocrx_word' id='word_1_264' title='bbox 1001 4518 1087 4525; x_wconf 83' lang='lat'><em>.—---</em></span> <span class='ocrx_word' id='word_1_265' title='bbox 1095 4520 1101 4524; x_wconf 94' lang='lat'>-</span> <span class='ocrx_word' id='word_1_266' title='bbox 1111 4520 1259 4529; x_wconf 63' lang='lat'>——.</span> 
     </span>
    </p>
   </div>
   <div class='ocr_carea' id='block_1_4' title="bbox 258 4604 1270 4755">
    <p class='ocr_par' dir='ltr' id='par_1_4' title="bbox 258 4604 1270 4755">
     <span class='ocr_line' id='line_1_37' title="bbox 259 4604 1270 4673; baseline 0.006 -16"><span class='ocrx_word' id='word_1_267' title='bbox 259 4611 265 4639; x_wconf 92' lang='lat'>¹</span> <span class='ocrx_word' id='word_1_268' title='bbox 283 4608 400 4673; x_wconf 71' lang='lat' dir='ltr'>volueres]</span> <span class='ocrx_word' id='word_1_269' title='bbox 414 4609 522 4667; x_wconf 81' lang='lat' dir='ltr'>choeres,</span> <span class='ocrx_word' id='word_1_270' title='bbox 534 4607 590 4656; x_wconf 84' lang='lat' dir='ltr'>MS.</span> <span class='ocrx_word' id='word_1_271' title='bbox 790 4604 986 4671; x_wconf 79' lang='lat' dir='ltr'>³udoleeceulem]</span> <span class='ocrx_word' id='word_1_272' title='bbox 998 4606 1205 4669; x_wconf 80' lang='lat' dir='ltr'>adholescentem‚</span> <span class='ocrx_word' id='word_1_273' title='bbox 1214 4610 1270 4662; x_wconf 82' lang='lat' dir='ltr'>MS.</span> 
     </span>
     <span class='ocr_line' id='line_1_38' title="bbox 258 4684 1270 4755; baseline 0.005 -16"><span class='ocrx_word' id='word_1_274' title='bbox 258 4692 267 4719; x_wconf 76' lang='lat'><strong>²</strong></span> <span class='ocrx_word' id='word_1_275' title='bbox 284 4686 681 4755; x_wconf 68' lang='lat' dir='ltr'>udoleaccns]adholcscensll1b&#39;.</span> <span class='ocrx_word' id='word_1_276' title='bbox 795 4684 995 4752; x_wconf 78' lang='lat' dir='ltr'>¹rruuquilliletr]</span> <span class='ocrx_word' id='word_1_277' title='bbox 1009 4687 1205 4752; x_wconf 80' lang='lat' dir='ltr'>tranquillitatis,</span> <span class='ocrx_word' id='word_1_278' title='bbox 1214 4690 1270 4744; x_wconf 81' lang='lat' dir='ltr'>MS.</span> 
     </span>
    </p>
   </div>
   <div class='ocr_carea' id='block_1_5' title="bbox 0 0 1636 5662">
    <p class='ocr_par' dir='ltr' id='par_1_5' title="bbox 0 0 1636 5662">
     <span class='ocr_line' id='line_1_39' title="bbox 0 0 1636 5662; baseline 0 6"><span class='ocrx_word' id='word_1_279' title='bbox 0 0 1636 5662; x_wconf 95' lang='lat' dir='ltr'> </span> 
     </span>
    </p>
   </div>
  </div>
 </body>
</html>
