3270 5656
424 820 627 873 cunomeou
650 823 808 873 suusne:
831 826 877 873 un
900 825 1068 875 uvnsunu.
1239 814 1280 876 85

236 1013 269 1074 et
293 1009 435 1074 oliorum
460 1008 606 1087 fratrum,
634 1008 799 1075 ecelesiam
826 1011 917 1075 illam
945 1013 1044 1097 quam
1069 1012 1281 1099 prediximus
1338 1008 1406 1059 AJ).

237 1112 429 1177 aeditieando
452 1112 622 1199 multaque
647 1112 826 1178 benefieia¹
855 1115 1048 1201 peragendo,
1065 1136 1108 1180 ex
1129 1121 1202 1181 toto
1225 1117 1282 1181 ha-
1297 1080 1450 1127 ¹⁰³⁵'1044'

236 1213 334 1292 beret,
361 1214 496 1280 tandem
522 1236 715 1301 cognoscens
741 1217 829 1302 quod
853 1221 947 1303 pater
972 1222 1083 1282 noster
1105 1217 1282 1304 Ecgwinus
1295 1230 1336 1278 110
1344 1239 1450 1282 restores

236 1317 389 1403 primitus
415 1340 486 1383 eam
516 1318 593 1382 huic
617 1317 757 1384 ecelesiae
783 1319 955 1395 obtineret,
986 1326 1104 1406 rogatu
1135 1321 1282 1386 omnium
1295 1296 1421 1413 mm

235 1420 372 1486 fratrum
402 1440 461 1507 pro
490 1419 555 1485 alia
584 1423 672 1485 terra
702 1442 800 1506 quam
830 1422 920 1507 prius
947 1422 1089 1500 dederat,
1121 1421 1282 1488 Succharn
1296 1431 1385 1496 abbey.

236 1523 375 1600 nomine,
389 1524 439 1588 ita
465 1523 597 1588 omnino
620 1521 758 1587 liberam
784 1523 860 1588 huie
885 1524 1025 1590 eeclesiae
1047 1525 1283 1612 perpetualiter

235 1625 402 1705 concessit,
444 1626 718 1712 quemadmodum
757 1626 833 1712 ipse,
865 1648 940 1712 rege
987 1626 1139 1708 donante,
1185 1629 1282 1714 longo

236 1733 380 1815 temporo
395 1728 554 1815 possedit,
587 1734 622 1792 et
645 1727 750 1794 veluti
780 1729 816 1792 in
842 1735 933 1794 carta
959 1751 1018 1794 sua
1044 1752 1118 1815 quae
1149 1731 1182 1795 in
1217 1732 1282 1796 fine

234 1829 330 1916 hujus
369 1832 476 1918 operis
515 1830 655 1896 babetur
692 1831 870 1918 perscripta
910 1833 1113 1919 apertissime
1150 1834 1282 1898 demon-

235 1936 367 1999 stratur.
416 1932 617 1999 Venerabilis
642 1933 745 2021 igitur
770 1934 859 2020 prior
885 1935 947 1999 iste
963 1934 1101 2000 Anicius
1125 1957 1212 2001 anno
1240 1937 1281 2001 ab
1295 1953 1379 2002 Deam
1391 1953 1421 2004 of

236 2036 467 2102 Incematione
482 2035 618 2101 Domini
645 2036 818 2101 millesimo
834 2037 998 2102 tricesimo
1023 2043 1139 2103 octavo
1164 2061 1205 2104 ex
1220 2039 1282 2104 hae
1294 2035 1397 2138 ffiuq

234 2139 304 2205 luce
329 2139 485 2218 discessit,
511 2144 546 2203 et
575 2138 610 2202 in
640 2139 753 2203 eadem
788 2139 921 2204 ecelesia
953 2146 1074 2206 sanetae
1105 2140 1281 2207 Trinitatis
1295 2155 1364 2205 An).
1377 2123 1449 2207 idos.

234 2263 343 2308 eoram
366 2241 480 2306 eadem
506 2240 658 2328 religiosa
682 2241 848 2306 eomitissa
872 2241 1023 2328 Godgiva
1049 2244 1281 2309 venerabiliter

234 2345 380 2431 sepultus
407 2344 528 2421 extitit,
555 2346 647 2430 cujus
677 2349 712 2409 et
737 2343 927 2409 memoriam
955 2344 1073 2409 habuit
1098 2369 1195 2430 quarn
1223 2347 1280 2411 diu
1293 2375 1390 2440 nisuop

233 2447 326 2512 vixit.
358 2446 477 2511 Postea
490 2469 568 2511 vero
584 2447 743 2532 gloriosus
758 2447 960 2512 Ailuuardus
976 2446 1216 2513 Londoniensis
1231 2470 1280 2513 ec·
1293 2442 1425 2559 Qffl

233 2549 344 2627 clesiae‚
360 2554 400 2615 ut
415 2550 635 2636 praediximus,
650 2549 795 2629 antistes,
810 2549 908 2634 hujus
924 2550 1064 2615 ecelesiae
1079 2557 1189 2635 pastor
1203 2552 1280 2635 piis·
1294 2523 1437 2636 medion,

232 2653 340 2731 simus,
364 2652 401 2716 in
425 2652 620 2738 aegritudine
636 2653 841 2730 constitutus,
861 2651 961 2737 jussit
976 2653 1043 2716 suis
1065 2660 1105 2717 ut
1127 2653 1191 2717 hue
1206 2676 1280 2718 eum
1293 2641 1443 2759 &⁰¹¹⁸ssth

233 2755 437 2833 deducerent,
474 2755 616 2841 cupiens,
652 2754 680 2818 si
708 2755 798 2819 Deus
829 2753 1023 2840 disponeret,
1051 2755 1086 2819 in
1116 2756 1177 2821 hoe
1210 2756 1280 2820 loeo
1294 2725 1431 2826 intdthe'

233 2880 328 2943 quem
359 2858 538 2944 plurimum
569 2863 644 2921 ante
666 2857 835 2934 dilexerat,
868 2856 1035 2921 membra²
1062 2879 1122 2922 sua
1151 2843 1381 2944 fragilialbb‘l'·

233 2961 464 3047 perpetualiter
477 2959 683 3045 requiescere.
730 2959 795 3024 Sed
811 2958 944 3044 quidam
959 2960 1077 3025 fratres
1092 2968 1191 3046 atque
1207 2962 1281 3026 luiei

233 3087 310 3150 quos
326 3065 396 3150 ipse
411 3068 509 3127 antea
524 3062 651 3127 divitiis
676 3067 710 3126 et
737 3061 913 3126 honoribus
934 3062 1113 3147 plurimum
1130 3063 1281 3127 exaltans

233 3166 306 3231 huie
331 3167 403 3231 loeo
425 3165 622 3252 praefecerat,
656 3164 818 3228 diabolico
850 3164 1010 3228 instinctu
1034 3164 1076 3228 ad
1099 3165 1280 3228 maximum

234 3269 388 3334 damnum
419 3268 518 3352 hujus
553 3273 674 3332 sanetae
718 3267 857 3331 eeclesias
893 3271 1006 3330 eontra
1038 3288 1113 3330 eum
1145 3267 1280 3330 rebelles

234 3371 345 3449 effecti,
361 3392 420 3456 per
434 3370 559 3455 legatos
575 3369 638 3433 sibi
654 3369 896 3433 mandaverunt
911 3367 997 3453 quod
1023 3368 1050 3430 si
1074 3368 1137 3431 huc
1152 3368 1280 3433 veniret

234 3497 342 3539 omnes
358 3472 509 3537 monaehi
531 3470 743 3536 discederent.
811 3470 884 3549 Quo
899 3470 1020 3545 audito,
1038 3470 1090 3533 vir
1112 3469 1167 3534 ille
1182 3493 1280 3536 vene-

234 3577 342 3640 rabilis
372 3575 567 3661 plusquam
599 3574 664 3639 diei
688 3574 778 3637 volet
809 3573 1029 3648 contristatus
1068 3577 1101 3639 et
1139 3597 1197 3660 pro
1227 3573 1280 3638 his

234 3677 472 3743 nefandissimis
494 3677 709 3742 traditoribus
731 3675 798 3739 suis
824 3675 964 3738 nimium
985 3676 1061 3740 huic
1077 3676 1145 3741 loeo
1168 3677 1278 3754 iratus,
1293 3706 1429 3757 lleiscar-

234 3788 301 3847 toto
331 3782 443 3846 animo
466 3779 509 3844 ad
537 3779 779 3844 Ramesiensem
810 3778 976 3842 eeclesiam
1007 3801 1189 3859 conversus
1221 3780 1279 3844 ubi
1290 3775 1345 3888 ἔξω
1356 3784 1399 3875 tp

234 3885 320 3969 prius
344 3884 453 3948 fuerat
483 3882 660 3946 monachus
683 3880 761 3945 feeit
784 3901 817 3944 se
849 3880 973 3956 deduci,
997 3886 1031 3945 et
1053 3882 1163 3945 omnia
1186 3855 1428 3974 orna-„nasanJ-lgg

236 3994 343 4051 menta
372 4008 447 4071 quae
479 4006 587 4049 secum
617 3984 780 4069 portabat,
811 3983 966 4047 videlieet
1005 3982 1137 4058 casulas,
1175 4006 1278 4068 capas,
1291 3975 1379 4092 ‘gfff-l

235 4089 330 4173 pallia
360 4089 503 4175 plurima
525 4088 695 4171 multaque
719 4086 783 4149 elia
806 4091 998 4149 ornamenta
1014 4107 1087 4169 qum
1111 4085 1186 4149 huie
1209 4085 1278 4150 loeo
1294 4059 1407 4171 [virbii

236 4192 345 4256 offerre
368 4191 541 4276 cogitabat,
564 4211 660 4253 versa
682 4189 754 4253 viee
776 4188 922 4274 praefatse
945 4187 1087 4252 eeelesiae
1118 4187 1278 4254 Ramesiae
1290 4175 1443 4307 Xffllffixl‘·

235 4295 338 4357 omnia
374 4292 587 4357 condonabat.
656 4292 702 4355 Et
742 4293 789 4355 ita
824 4290 994 4353 millesimo
1032 4290 1278 4376 quadragesimo
1291 4271 1358 4357 nil.
1375 4282 1445 4368 iore,

235 4402 345 4480 quarto
360 4418 448 4460 anno
470 4395 513 4458 ub
538 4394 768 4459 Incarnotiono
792 4392 925 4457 Domini
949 4392 1050 4456 vitam
1068 4393 1277 4479 temporalem
1291 4375 1313 4422 is
1325 4376 1395 4427 Μ’

237 4498 353 4572 liniens,
378 4497 425 4561 ibi
449 4497 594 4582 sepultus
618 4497 796 4582 requiescit.
1291 4443 1384 4495 humil

204 4706 206 4713 Ι
267 4742 417 4810 'tenestem
431 4742 555 4801 benificia,
567 4742 622 4793 MS.
721 4742 725 4807 Ι
774 4739 909 4807 ²1uembra]
924 4739 1102 4800 nicomedis.
