3264 5662
359 799 560 848 cmmxmou
583 802 740 850 insanin
765 804 810 852 nu
832 805 1000 856 arnanise
1118 795 1198 857 ‘5301

157 1007 224 1051 rem
260 991 390 1073 portam
424 987 556 1068 ibidem,
584 996 618 1052 et
654 989 812 1054 minorem
851 993 1022 1079 grangiam
1049 993 1086 1058 in
1113 992 1204 1058 ouria
1219 994 1328 1112 mm·

156 1090 312 1154 exteriori
354 1088 486 1154 isidem.
563 1089 725 1156 simum
770 1093 963 1179 impetravit
999 1117 1020 1159 a
1068 1067 1367 1205 oomn01³723¹³⁷²

156 1214 229 1277 rege
262 1191 430 1256 licentiam
467 1192 657 1257 includendi
692 1199 854 1259 trecentas
894 1218 986 1262 aeras
1029 1203 1127 1264 terrae
1169 1208 1203 1264 et
1284 1195 1289 1206 ¹

156 1317 249 1380 aqum
279 1294 315 1357 in
345 1295 493 1358 manerio
525 1294 566 1359 de
593 1295 785 1382 Ombresley
816 1303 851 1362 et
882 1321 1014 1384 pereum
1049 1301 1126 1366 inde
1156 1301 1217 1366 ἰαί

157 1420 234 1476 esre,
268 1403 309 1461 ut
348 1397 383 1461 in
424 1397 529 1462 literis
563 1397 758 1483 patentibus
788 1399 913 1465 domini
947 1403 1034 1488 regis
1072 1404 1203 1489 plenius

157 1501 351 1565 eontinetur.
413 1499 575 1564 Similiter
608 1500 696 1587 apud
747 1501 901 1567 Uffenam
935 1505 1114 1571 aedifieavit
1147 1529 1204 1572 ex·

157 1604 307 1668 teriorem
342 1608 471 1688 portam
507 1625 581 1667 cum
613 1624 740 1668 camera
773 1626 870 1691 super
903 1627 986 1686 eam,
1019 1616 1054 1673 et
1090 1610 1203 1674 stabu-

157 1707 222 1771 lum
245 1706 439 1791 contiguum
463 1704 579 1769 eidem.
648 1705 735 1770 Item
765 1707 856 1793 apud
877 1707 1203 1777 North-Luttultone

155 1809 331 1875 aedifieavit
353 1830 453 1872 unam
469 1808 641 1893 grangiam
657 1808 857 1876 decimalem.
892 1811 1084 1879 AEdifioavit
1099 1815 1200 1880 etiarn

158 1913 307 1999 paginam
324 1911 414 1974 illam
438 1910 595 1975 elaustri²
618 1912 807 1998 contiguam
838 1912 981 1980 ecelesiae
1002 1915 1061 1980 nbi
1084 1918 1201 1982 oarolae

157 2015 293 2080 fratrum
324 2014 519 2090 mmsistunt,
544 2021 613 2077 tam
646 2014 681 2078 in
712 2016 815 2080 muris
838 2024 874 2080 et
904 2016 1056 2082 fenestris
1086 2019 1201 2085 vitreis

158 2140 251 2204 quam
288 2119 322 2181 in
361 2117 563 2202 pavimentis
595 2139 653 2202 pro
685 2118 775 2183 dicta
808 2120 952 2204 pagina,³
983 2127 1018 2185 et
1050 2142 1110 2207 pro
1135 2122 1201 2186 alis

156 2243 263 2287 versus
287 2219 445 2284 hostriam
482 2219 546 2283 sibi
569 2241 706 2283 annexa
753 2219 823 2285 Iste
845 2222 945 2286 etiam
961 2222 1064 2287 abbas
1078 2223 1201 2288 ditavit

156 2322 316 2389 eeclesiam
359 2322 445 2386 hano
488 2343 561 2386 curn
596 2323 799 2386 ornamentis
836 2323 1039 2410 subscriptis,
1077 2326 1200 2391 scilieet

155 2448 224 2492 oum
258 2447 326 2490 uno
357 2424 496 2488 baculo⁴
526 2424 684 2510 pastorali
716 2425 868 2510 pretioso,
898 2448 966 2489 una
996 2448 1090 2492 cruoe
1127 2450 1196 2514 pro

155 2528 318 2594 oessionali
341 2549 416 2591 curn
439 2527 555 2592 baculo
579 2526 732 2612 portabili
755 2548 814 2613 pro
835 2527 949 2592 eadem
971 2529 1062 2594 etde
1084 2530 1197 2596 eodem

155 2631 292 2706 metallo,
323 2638 358 2694 et
393 2629 520 2693 duobus
550 2628 728 2694 thuribulis
759 2631 924 2717 argenteis
954 2637 989 2695 et
1022 2632 1198 2710 deauratis,

158 2736 208 2820 (de
244 2734 365 2820 quibus
404 2755 507 2797 unum
546 2732 652 2815 majus
690 2737 725 2796 et
760 2732 852 2796 aliud
882 2733 993 2797 minus
1023 2735 1199 2817 manuale),

155 2839 277 2903 duabus
307 2837 469 2901 naviculis
492 2836 656 2921 argenteis
686 2841 720 2898 et
741 2835 908 2899 deauratis
929 2858 1003 2900 eum
1026 2837 1198 2902 cochleari·

155 2941 294 3028 haspro
318 2941 440 3004 eisdem
464 2941 505 3003 de
528 2938 641 3001 eodem
672 2937 812 3013 metallo,
843 2943 878 3002 et
900 2960 967 3002 uno
996 2940 1067 3024 pari
1090 2939 1198 3025 pelve·

155 3066 242 3109 orum
276 3051 505 3129 argenteorum
535 3041 577 3103 ad
600 3039 804 3104 lavandum⁵
833 3062 943 3105 eoram
965 3041 1073 3105 altari.
1111 3041 1196 3107 Itcrn

155 3147 324 3233 acquisivit
339 3168 398 3231 pro
421 3167 481 3209 sua
511 3142 635 3228 capella
658 3144 789 3228 propria
811 3142 877 3205 duo
899 3144 991 3228 paria
1013 3143 1196 3228 phialarum

155 3257 377 3337 argenteorum
417 3264 450 3312 et
486 3247 728 3311 deauratarum.
752 3251 788 3309 et
817 3245 884 3308 duo
920 3245 1118 3310 candelabra
1155 3248 1196 3312 de

156 3354 262 3418 eodem
293 3352 435 3419 metallo.
467 3356 503 3414 ct
542 3371 645 3411 unum
676 3370 735 3411 ras
765 3358 958 3433 argenteum
990 3360 1025 3412 et
1059 3349 1195 3414 deaura-

155 3466 229 3532 tum,
251 3478 309 3542 pro
325 3455 392 3518 sale
405 3449 626 3539 imponendo.⁶
648 3466 681 3514 et
705 3472 808 3513 unum
830 3450 1002 3534 aquarium
1026 3472 1084 3537 pro
1109 3474 1196 3536 aqna

156 3558 319 3623 benedicta
342 3579 416 3621 cum
447 3555 628 3641 aspersorio
661 3553 703 3616 de
726 3557 873 3638 argento,
908 3560 942 3616 et
974 3574 1077 3617 unum
1107 3555 1196 3640 pacis

157 3662 379 3727 oscuhtcirium
395 3674 590 3744 argenteum
605 3657 803 3719 deauratum
817 3666 852 3719 et
867 3655 1111 3735 cnamellatum
1121 3679 1196 3722 cum

158 3785 216 3828 nna
244 3763 443 3850 oempanella
475 3775 632 3846 argentea
665 3765 699 3822 et
723 3758 890 3822 deaurata
934 3760 1123 3844 Aornisivit
1146 3761 1197 3824 in·

158 3888 245 3953 super
270 3868 346 3931 huic
371 3865 522 3937 ecclesia),
546 3885 648 3926 unum
680 3883 738 3947 par
756 3863 1025 3925 vestimentorum
1049 3862 1091 3926 de
1120 3863 1196 3927 albo

189 4098 261 4148 'Pet
279 4100 310 4147 de
331 4112 398 4146 anuo
419 4103 451 4144 ἵν)
471 4096 501 4143 R
514 4094 585 4141 Dic.
599 4092 647 4140 ΙΙΙ.
727 4089 817 4138 ’dea
826 4088 935 4154 pagina]
948 4089 1016 4139 dieto
1032 4105 1098 4153 μω
1124 4094 1194 4155 (εἰς),

152 4177 249 4238 “Quod
268 4181 344 4227 abhas
366 4179 398 4225 de
421 4175 547 4223 [raham
570 4173 648 4235 rasit
695 4170 757 4218 ibid

153 4255 562 4322 “imparare‘mmnsuamde
581 4252 648 4314 Lyn·
725 4249 808 4297 ‘The
831 4249 900 4297 word
929 4245 1019 4296 anule
1040 4250 1062 4298 is
1085 4250 1194 4301 imm

149 4334 243 4387 “holte
269 4338 336 4386 inin
361 4336 500 4385 murium
523 4348 594 4379 snum
617 4333 648 4378 dc
694 4330 777 4377 before
794 4326 887 4381 tuedo.
907 4328 1110 4378 butiswkul
1131 4331 1192 4380 airh

147 4416 315 4468 “Ambrw
353 4418 379 4464 i:
415 4430 480 4462 corn.
511 4412 645 4472 tvi-em·
693 4424 709 4456 a
725 4410 780 4470 sign
801 4408 832 4455 ol
843 4423 952 4457 mura

141 4471 322 4547 calendarium
342 4496 480 4545 mulera:
501 4505 647 4554 pererra-:n
727 4486 787 4535 ’nd
812 4484 956 4552 bremen]
988 4502 1035 4552 pro
1063 4489 1192 4538 larmir),

141 4568 188 4621 fol.
207 4585 274 4631 tm.
286 4595 309 4641 p.
327 4582 379 4625 ,’2.
696 4567 766 4615 llarl

725 4648 735 4673 6

753 4663 796 4693 'v
878 4646 1187 4713 ‘widem

178 4656 188 4681 ²
204 4676 271 4722 prro.
338 4654 453 4718 clemen}
470 4668 543 4702 anm
556 4666 646 4714 pit-m
808 4684 816 4695 ι
834 4686 840 4695 -
857 4683 865 4696 ·

130 4726 254 4785 fam.
289 4737 358 4785 lia-t.
373 4740 445 4783 ntea.
