3270 5656
491 791 694 841 canonicos
717 790 875 839 susurru
898 791 945 840 uu
967 792 1138 843 uvussau.
1283 783 1346 843 183

300 984 411 1034 tenetur
439 978 476 1032 ad
494 979 637 1050 synodum
656 978 850 1050 episcopalem
874 979 1021 1044 accedere,
1047 998 1080 1034 ac
1103 999 1156 1052 per
1179 981 1233 1036 hoc
1252 983 1511 1053 ipsiusAJ),1·20s‚

295 1070 398 1118 statuta
416 1064 548 1134 recipere
567 1081 600 1118 ac
618 1080 745 1118 servare.
784 1063 820 1118 In
832 1064 990 1134 privilegio
1007 1082 1078 1119 vero
1089 1065 1248 1120 Alexandri
1263 1085 1345 1138 papae

293 1146 429 1218 quiddam
453 1146 533 1200 aliud
557 1147 732 1211 continetur,
757 1164 811 1218 per
835 1146 912 1217 quod
931 1147 1112 1202 dioeeesanus
1137 1149 1290 1220 episcopus
1313 1151 1345 1204 in

292 1230 390 1286 eodem
408 1230 541 1284 coenobio
555 1229 791 1300 jurisdictionem
803 1248 887 1285 suam
899 1230 955 1285 etsi
967 1249 1024 1285 non
1036 1232 1067 1285 in
1079 1232 1212 1287 omnibus
1231 1233 1262 1286 in
1281 1234 1344 1304 qui·

291 1313 411 1368 busdam
441 1320 540 1368 tamen
569 1313 726 1368 retinuisse
752 1312 878 1379 videtur,
906 1333 997 1385 quum
1023 1315 1053 1368 in
1080 1315 1131 1368 illo
1159 1315 1281 1379 dicatur,
1310 1322 1345 1371 ut

293 1397 498 1466 wigornenses
517 1397 645 1469 episcopi
664 1416 682 1451 a
700 1398 840 1453 fratribus
865 1397 998 1468 ejusdem
1021 1398 1078 1452 loci
1098 1399 1211 1469 aliquid
1234 1399 1343 1468 injuste

290 1499 344 1537 uon
361 1483 490 1553 exigant,
508 1482 561 1537 sed
577 1488 692 1538 tantum
710 1482 757 1537 his
777 1483 905 1538 contenti
928 1489 1117 1553 permaneant
1144 1501 1209 1553 quae
1233 1483 1344 1553 praede·

290 1583 418 1621 cessores
445 1584 547 1620 eorum
573 1565 805 1621 antecessoribus
831 1566 892 1621 suis
917 1571 1030 1621 constat
1050 1565 1264 1621 rationabiliter
1289 1567 1342 1620 im-

289 1649 433 1720 pendisse,
453 1649 531 1704 unde
549 1655 663 1704 constat
681 1649 759 1720 quod
782 1649 900 1704 abbates
922 1649 1066 1721 episeopis
1084 1649 1198 1719 aliquas
1220 1650 1256 1703 de
1280 1650 1342 1704 suis

290 1732 449 1788 rationibus
462 1732 598 1788 exhibere
610 1739 756 1788 tenentur.
794 1733 857 1788 Noa
875 1733 977 1804 igitur,
991 1734 1038 1788 his
1057 1738 1087 1788 et
1105 1733 1171 1788 aliis
1184 1733 1343 1804 diligenter

290 1816 398 1874 auditis
420 1823 452 1872 et
467 1817 677 1888 perspicaciter
701 1815 868 1881 intellectis,
895 1834 987 1888 quum
1014 1834 1032 1870 a
1058 1822 1164 1871 neutra
1180 1824 1263 1888 parte
1289 1835 1342 1889 per

289 1908 376 1956 testea
394 1901 579 1972 praescriptio
599 1901 639 1955 sit
656 1901 787 1971 probata,
808 1901 844 1955 de
866 1901 1013 1956 communi
1031 1902 1157 1956 fratrum
1174 1908 1342 1957 nostrorum

290 1983 426 2040 consilio¹
446 1984 659 2040 sententialiter
677 1983 832 2039 definimus
850 1985 928 2056 quod
942 1985 1158 2040 Eveshamense
1177 1986 1342 2041 ooenobium

288 2170 406 2224 prorsus
425 2157 601 2223 exemptum,
622 2151 678 2207 soli
696 2150 826 2206 Romano
845 2152 974 2224 pontifici
999 2159 1029 2207 et
1054 2152 1184 2207 ecclesiia
1203 2154 1341 2208 Romame

288 2236 462 2306 subjectum,
493 2236 587 2291 tutela
620 2241 719 2290 tamen
756 2235 849 2306 ipsius
889 2233 1093 2291 cantuariensi
1123 2237 1342 2308 archiepiscopo

287 2325 444 2375 reservata.
482 2319 519 2373 In
545 2319 685 2374 membris
716 2326 823 2384 autem,
852 2319 992 2374 videlicet
1016 2320 1077 2374 illia
1105 2338 1170 2389 quoe
1195 2338 1254 2374 non
1276 2338 1343 2391 pro·

288 2403 392 2459 buitur
417 2409 560 2474 exempta,
589 2403 754 2458 dioecesano
779 2403 916 2475 episcopo
943 2403 1041 2473 ipsum
1060 2402 1243 2458 decernimus
1274 2404 1341 2458 sub·

284 2488 391 2559 jacere,
418 2494 538 2559 propter
563 2505 629 2558 quae
654 2487 742 2541 abbas
771 2487 808 2541 ed
838 2485 981 2558 synodum
1012 2485 1076 2555 ejus
1100 2486 1188 2541 debet
1205 2486 1342 2541 accedere

288 2572 472 2642 primumque
490 2572 587 2626 locum
599 2571 901 2642 postWigornensem
919 2570 1088 2640 episcopum
1106 2569 1246 2624 obtinere.
1284 2570 1343 2624 Pro

288 2655 357 2727 ipsis
377 2673 493 2727 quoque
512 2655 662 2718 membris
682 2661 716 2708 ut
737 2653 874 2718 diximus,
894 2672 952 2708 uon
976 2653 1127 2725 exemptis,
1148 2653 1226 2707 idem
1253 2654 1342 2708 abbas

287 2746 402 2795 tenetur
420 2739 609 2810 Wigornensi
627 2739 764 2810 episcopo
783 2738 920 2792 exhibere
938 2738 1143 2802 reverentiam,
1158 2738 1341 2808 obsequium,

288 2830 316 2879 et
339 2825 490 2887 honorem,
520 2823 626 2893 quibus
651 2822 855 2893 Wigornensis
879 2822 1032 2892 episcopus
1060 2822 1117 2876 sibi
1144 2828 1342 2893 competenter

288 2908 424 2962 exhibitis
458 2907 546 2961 debet
579 2924 696 2961 manere
731 2911 893 2961 contentus.
943 2906 1018 2972 Quia
1047 2924 1117 2959 vero
1150 2906 1341 2977 privilegium

288 3000 416 3046 meretur
434 2992 568 3046 amittere
588 2991 639 3061 qui
658 3008 795 3044 concessa
813 2990 870 3044 sibi
890 2989 1021 3044 abutitur
1038 2989 1184 3053 libertate,
1205 2991 1340 3044 volumus

288 3083 316 3129 et
332 3075 504 3129 mandamus
523 3080 557 3129 ut
574 3080 682 3144 quanto
700 3073 853 3127 liberiores
872 3075 943 3128 estis
962 3091 980 3128 a
1000 3073 1128 3128 servitiis
1148 3074 1338 3138 secularibus,

289 3165 364 3214 tanto
382 3178 436 3214 ros
455 3159 564 3214 arctius
582 3158 754 3228 mancipetis
773 3156 880 3211 divinas
903 3176 956 3228 per
980 3158 1078 3211 omnia
1102 3158 1246 3211 servituti.
1283 3158 1341 3212 De·

288 3245 431 3297 cernimus
451 3260 522 3313 ergo
540 3247 575 3297 ut
593 3240 689 3297 nulli²
711 3241 862 3296 hominum
879 3241 968 3296 liceat
985 3241 1060 3295 hanc
1077 3241 1216 3311 paginam
1234 3246 1340 3295 nostrae

290 3325 480 3381 definitionia³
519 3326 691 3395 infringere,
730 3325 778 3379 vel
815 3325 843 3378 ei
882 3342 956 3378 ausu
993 3324 1148 3378 temerario
1186 3324 1339 3377 contraire.

291 3408 386 3480 Siquis
405 3415 504 3463 autem
521 3409 576 3462 hoc
595 3414 738 3463 attentare
756 3407 985 3479 praesumpserit,
999 3406 1231 3476 indignationem
1250 3406 1341 3460 omni-

291 3493 412 3563 potentis
431 3492 489 3546 Dei
507 3498 537 3547 et
555 3493 706 3546 beatorum
725 3492 808 3547 Petri
833 3498 863 3547 et
887 3491 973 3546 Pauli
1001 3491 1198 3562 apostolorum
1218 3490 1291 3561 Ejus
1310 3508 1341 3544 sc

290 3577 399 3631 noverit
429 3575 624 3629 incursurum.
658 3575 767 3630 Datum
798 3575 875 3647 apud
910 3582 1043 3630 sanctum
1075 3575 1206 3638 Petrum,
1228 3574 1342 3645 quinto·

290 3659 397 3714 decimo
416 3659 565 3715 Kalendas
583 3659 747 3725 Februarii,
766 3659 952 3731 pontificatus
969 3659 1063 3714 nostri
1081 3676 1155 3713 anno
1173 3664 1285 3714 octavo.

321 3952 449 4018 'coasilio]
475 3969 607 4015 consensu,
630 3955 701 4005 Harl.
725 3955 781 4007 MS.
869 3957 1052 4022 'definitionis]
1066 3958 1228 4017 definitionis,
1245 3957 1339 4007 eonsti-

294 4033 389 4082 3763.f.
407 4040 459 4083 11³.
836 4037 948 4095 tutionis,
985 4036 1121 4085 voluntatis
1156 4043 1181 4086 et
1219 4035 1338 4085 mandati.

319 4111 610 4178 ²nutqnu11iomnin0.
646 4114 709 4164 Ibid.
839 4116 922 4165 Ibid.‘
