3264 5662
394 792 597 845 cuaomcor
619 790 778 842 namura
800 791 1039 843 nummula.
1198 780 1240 845 65

186 976 370 1065 tempsisse,
413 980 468 1046 vel
511 978 668 1065 injmiam
711 978 775 1043 eibi
813 978 946 1065 suisque
982 979 1053 1044 sine
1089 977 1239 1045 vindicta
1279 987 1341 1040 Sao.
1354 1004 1391 1043 xr.

186 1079 356 1167 irrogasse
424 1082 524 1148 Unde
554 1082 632 1148 licet
661 1082 859 1147 multimoda
890 1087 925 1147 et
956 1082 1131 1169 magnifica
1161 1104 1238 1170 sup·

187 1189 308 1269 petant
329 1184 483 1272 exempla
503 1185 541 1250 iu
563 1183 781 1250 mediocribus
803 1190 838 1250 et
860 1185 896 1248 in
919 1184 1105 1271 spectandis
1133 1187 1236 1250 etiam

186 1286 342 1371 personis,
364 1308 470 1353 unum
484 1292 598 1353 tamen
620 1309 662 1353 ax
677 1286 906 1374 compluribus,
927 1288 1032 1375 magis
1047 1288 1237 1353 summatim

187 1394 364 1475 tangentes
378 1412 478 1476 quam
487 1395 667 1468 narrantes,
684 1411 781 1456 eausa
795 1389 977 1468 brevitatis,
990 1390 1236 1457 subnexuimus

189 1488 333 1569 Quidam
347 1494 490 1559 avaritia
504 1500 539 1559 et
553 1500 636 1580 typo
658 1493 820 1579 superbiae
835 1492 1007 1571 distentus,
1023 1493 1237 1580 improbitate

188 1594 294 1680 magis
319 1617 419 1681 quam
452 1596 497 1673 vi,
527 1597 655 1682 aliquot
691 1616 843 1661 nummos
880 1618 901 1661 a
937 1596 1098 1662 ministris
1131 1597 1237 1661 sancti

187 1692 338 1782 Faegwini
375 1698 466 1765 haud
499 1721 596 1786 aequa
633 1698 725 1764 laneo
762 1697 946 1785 acquisivit.
1016 1698 1235 1779 Quamobrem

189 1804 323 1865 sanetus
354 1801 407 1865 vir
443 1801 566 1888 injuria
602 1822 736 1867 suorum
766 1807 955 1881 commotus,
984 1823 1045 1888 per
1073 1801 1236 1867 visionem

190 1900 355 1969 hominem
391 1904 580 1991 alloquitur,
616 1904 739 1991 jubens
777 1910 816 1969 ut
841 1905 930 1991 quod
963 1905 1086 1990 injuste
1123 1904 1164 1970 de
1201 1927 1235 1971 sc

187 2005 409 2090 acquisiverat
453 2011 642 2095 reportaret
711 2005 862 2071 Minatur
903 2007 1037 2093 insuper
1075 2006 1234 2072 damnum

187 2108 420 2193 gravissimum
442 2110 478 2174 ni
510 2110 772 2197 obtemperatum
803 2109 880 2175 ierit
910 2109 1099 2175 affuturum.
1169 2109 1236 2175 Sed

187 2230 290 2295 quum
313 2211 369 2278 ille
383 2212 555 2299 paululum
577 2211 728 2278 credulus
750 2212 887 2276 minime
916 2211 1162 2291 obsecundaret,
1194 2212 1236 2278 de

186 2334 272 2398 equo
286 2314 406 2380 cadens
421 2314 656 2380 detrimentum
671 2315 815 2401 corporis
834 2313 983 2379 incurrit.
1030 2314 1236 2380 Admonetur

187 2415 331 2499 iterum;
353 2424 388 2483 et
424 2439 484 2483 nec
516 2417 563 2483 sic
592 2417 780 2496 obaudiens,
813 2416 912 2481 simili
950 2417 1071 2482 damno
1100 2419 1235 2504 gravius

186 2518 381 2605 percellitur.
428 2519 549 2586 Verum
570 2525 702 2586 sanctus
717 2519 893 2606 Ecgvvinus
916 2540 982 2583 nou
998 2520 1089 2606 prius
1104 2520 1236 2585 destitit

187 2621 278 2705 quod
300 2644 397 2688 suum
422 2628 494 2688 erat
522 2623 623 2689 tertio
654 2628 817 2709 expetere,
844 2622 948 2685 donec
974 2621 1152 2707 praedictus
1174 2622 1235 2700 vir,

186 2725 384 2811 gravissima
428 2726 623 2790 infirmitate
670 2723 829 2801 decoctus,
867 2723 979 2805 vellet,
1018 2724 1130 2802 nollet,
1175 2747 1235 2811 per

187 2828 352 2914 quendam
386 2829 602 2894 reverendum
650 2828 914 2893 archidiaconum
957 2825 1108 2893 denarios
1154 2850 1235 2914 quos

187 2929 310 3016 injuste
344 2930 564 3018 acquisiverat
595 2930 638 2995 ad
669 2930 773 2995 altare
803 2930 910 2995 sancti
942 2929 1090 3017 Ecgwini
1121 2931 1233 2995 remit

186 3038 282 3099 teret.
352 3033 455 3098 Venit
503 3055 579 3120 ergo
616 3031 861 3099 archidiaconus
910 3032 953 3097 ad
1003 3033 1236 3098 monasterium

185 3136 292 3200 sancti
333 3135 491 3222 Ecgwini,
530 3157 710 3201 convocans
748 3135 790 3199 ad
828 3157 862 3199 se
898 3135 1041 3220 priorem
1071 3134 1134 3199 loci
1164 3156 1236 3199 cum

184 3237 314 3302 ueteris
336 3237 503 3317 iratribus,
527 3260 635 3303 coram
668 3237 771 3302 altare
801 3259 870 3301 rom
900 3241 1029 3322 gestam
1052 3258 1094 3301 ex
1125 3238 1238 3301 ordine

185 3340 312 3425 pandit
375 3339 446 3405 Nec
476 3362 588 3409 mora:
623 3339 795 3425 indulgent
832 3338 950 3404 fratres
980 3338 1236 3403 misericordiam

184 3441 344 3530 poscenti,
368 3443 495 3508 nummi
519 3442 710 3520 offemutur,
732 3464 806 3508 reus
827 3439 1020 3520 absolvitur,
1045 3441 1193 3506 infimius
1216 3464 1236 3505 a

183 3552 301 3611 sancto
323 3546 387 3612 Dei
414 3546 578 3613 divinitus
604 3550 745 3612 curatur.

300 3776 350 3847 De
373 3777 500 3846 virtute
527 3776 639 3847 murti
664 3775 822 3865 Ecpwiui
847 3777 939 3846 circo
961 3776 1128 3846 maala

584 3879 840 3968 estimpensa.

234 4022 331 4093 Inter
355 4030 474 4092 caetera
496 4044 570 4111 quae
592 4027 725 4088 sanctus
746 4043 784 4088 ac
806 4022 946 4088 dilectus
969 4022 1033 4087 Dei
1057 4021 1235 4109 Eegwinus

182 4131 297 4198 multo
318 4135 352 4196 et
374 4130 458 4194 mira
471 4128 575 4194 servis
596 4127 664 4192 suis
686 4126 842 4213 dignatus
865 4131 915 4191 est
930 4126 1091 4204 intimare,
1108 4146 1236 4189 omnem

183 4233 377 4301 facundiam
399 4254 438 4299 ca
451 4232 609 4297 videntur
630 4229 786 4295 excellere
802 4251 876 4315 quae
898 4227 934 4291 in
958 4228 1054 4314 igneo
1076 4228 1238 4293 elemento

182 4338 287 4404 valde
323 4334 513 4401 admiranda
546 4334 699 4399 novimus
728 4354 803 4398 curn
840 4330 1092 4396 misericorditer
1128 4331 1238 4418 egisse.

184 4440 275 4506 Hae
295 4440 372 4505 licet
393 4444 463 4504 tam
485 4438 590 4502 multa
604 4437 671 4502 siut
694 4441 733 4501 ut
754 4435 813 4498 vix
830 4435 1002 4521 quisquam
1017 4433 1237 4499 studiosorum

181 4544 301 4611 omnia
337 4540 607 4630 comprehendere
645 4538 793 4615 sufficiat,
818 4539 861 4603 ad
894 4536 1091 4602 declaranda
1123 4541 1235 4603 tamen

180 4654 310 4717 catera
339 4646 404 4712 tria
440 4647 477 4710 in
506 4644 649 4708 medium
680 4642 826 4709 breviter
862 4641 1063 4730 proferamus
1093 4640 1236 4706 conside·

179 4753 301 4826 raudo.
361 4749 462 4837 Apud
492 4746 728 4815 monasterium
758 4745 864 4812 sancti
895 4744 1045 4832 Ecgvini
1074 4743 1234 4832 praedium

1080 4864 1103 4912 n
