3264 5662
486 808 689 858 canonicos
713 807 871 857 renarra
893 811 939 858 na
960 811 1128 862 musam.
1265 798 1329 866 117

287 987 302 1010 “
328 987 472 1046 vestrum
510 990 544 1046 et
588 983 729 1049 ecelesia
768 992 885 1049 vestrae
924 987 959 1048 in
998 987 1112 1050 melius
1149 987 1329 1052 reformem.
1342 996 1409 1045 AD.
1424 1000 1494 1045 1202-

288 1089 305 1113 “
330 1080 438 1168 Igitur
462 1087 634 1151 convenite
658 1108 770 1151 omnes
796 1087 832 1150 in
858 1087 1010 1172 capitulo,
1037 1094 1071 1152 et
1101 1089 1214 1154 audite
1238 1112 1329 1153 man-

287 1193 302 1215 “
327 1184 441 1251 datum
456 1187 581 1252 domini
596 1211 697 1275 papae,
713 1195 748 1254 et
763 1188 893 1253 obedite
908 1189 989 1252 mihi
1004 1196 1043 1254 ut
1057 1191 1205 1277 episcopo
1220 1198 1330 1257 vestro

287 1298 302 1318 ⁴·
327 1287 410 1352 sicut
435 1288 563 1355 faciunt
585 1292 695 1356 caeteri
716 1292 865 1356 monachi
881 1291 982 1356 vicini
997 1294 1106 1368 vestri,
1122 1300 1156 1357 et
1170 1293 1253 1358 bene
1267 1296 1331 1359 erit

287 1399 304 1422 ‘⁴
327 1389 447 1455 vobis”
502 1393 547 1457 Et
576 1415 644 1479 ego,
667 1394 703 1457 in
733 1393 825 1478 cujus
859 1415 913 1458 ore
946 1399 1125 1479 posuerunt
1147 1396 1247 1461 verba
1272 1419 1331 1462 sua
1343 1411 1434 1460 Marte

288 1492 364 1575 quia
393 1492 480 1577 juris
511 1496 636 1580 peritus
666 1517 763 1571 eram,
793 1496 871 1560 licet
900 1496 1009 1559 minor
1039 1517 1141 1561 essem
1179 1497 1330 1563 omnibus
1342 1477 1438 1592 “¹5³st

287 1593 443 1659 fratribus
465 1597 553 1674 meis,
570 1597 616 1661 sic
638 1597 810 1683 respondi:
837 1597 1006 1662 “Domine
1020 1598 1174 1684 episcope,
1190 1600 1230 1663 de
1244 1600 1332 1665 bona
1342 1557 1384 1607 rep
1394 1561 1419 1609 y.

289 1707 304 1727 ‘⁴
328 1695 499 1763 voluntate
515 1704 625 1764 vestra
639 1701 763 1786 gratias
778 1701 907 1785 agimus
922 1699 1023 1777 vobis,
1039 1706 1074 1765 et
1088 1701 1212 1766 bonnm
1224 1703 1330 1767 zelum

290 1810 306 1829 ¹·
330 1803 474 1863 vestrum
500 1801 662 1866 retribuat
688 1802 782 1866 vobis
806 1802 976 1868 Dominus,
1033 1802 1156 1868 Verum
1187 1805 1264 1890 quia
1293 1828 1332 1869 ea

289 1911 304 1932 ⁴·
328 1921 400 1984 quae
436 1903 546 1967 dicitis
583 1905 653 1968 sine
690 1908 848 1990 perpetua
896 1904 1106 1969 subversione
1144 1905 1330 1971 libertatis¹

289 2015 304 2035 ‘⁶
328 2004 466 2070 ccclesiae
481 2012 601 2072 nostrae
617 2011 652 2071 et
664 2006 862 2071 detrimento
877 2005 1009 2071 honoris
1023 2009 1127 2073 nostri
1143 2014 1176 2072 et
1188 2008 1330 2095 periculo

288 2116 305 2138 ⁶·
328 2107 510 2172 animarum
549 2119 741 2186 nostrarum,
780 2109 880 2173 immo
917 2117 1075 2196 perpetua
1119 2111 1330 2176 damnatione

288 2219 304 2241 “
328 2230 445 2286 earum,
460 2211 564 2275 facere
592 2233 658 2276 non
678 2233 857 2296 possumus,
873 2211 1023 2297 eligimus
1045 2214 1149 2298 magis
1169 2219 1332 2298 tempora·

288 2324 303 2343 ⁶·
327 2310 401 2376 liter
415 2311 468 2376 hio
490 2312 646 2399 flagellari
670 2319 705 2378 et
731 2314 959 2399 temporalium
986 2315 1144 2379 sustinere
1168 2315 1330 2380 defectum

289 2429 304 2445 “
328 2414 429 2479 donec
458 2437 479 2479 a
509 2415 640 2480 domino
660 2406 756 2502 ⁴papa
783 2437 840 2501 per
863 2416 1006 2502 legatum
1030 2438 1125 2480 suum
1149 2417 1332 2496 visitemur,

289 2532 304 2549 ⁸·
328 2539 433 2602 quarn,
465 2540 485 2582 a
515 2540 581 2583 non
612 2523 723 2583 nostro
754 2524 884 2604 pastore
930 2518 1159 2583 correctionem
1191 2542 1333 2585 momen·

288 2635 304 2652 ‘⁶
328 2629 458 2684 taneom
473 2621 677 2706 accipientes,
701 2621 868 2685 ecclesiam
895 2625 1040 2684 nostram
1067 2642 1139 2706 quae
1157 2620 1261 2685 libera
1283 2630 1333 2687 est

288 2733 305 2756 ··’
328 2722 519 2798 ancillando,
529 2724 564 2786 in
579 2728 780 2809 perpetuam,
792 2745 813 2787 a
825 2745 889 2808 qua
904 2743 1069 2809 resurgere
1084 2744 1151 2806 non
1165 2725 1332 2808 possimus,

289 2824 497 2890 “retrudere
533 2823 756 2889 servitutem.”
824 2825 869 2888 Et
907 2825 1050 2889 intrante
1089 2839 1253 2890 conventu
1290 2827 1346 2891 ad.

288 2928 401 2992 horam
423 2928 566 3008 tertiam,
583 2928 653 2992 dixi
676 2929 832 3014 episcope,
855 2926 987 3014 “Surge
1002 2927 1156 2992 velociter
1171 2934 1205 2992 et
1220 2928 1332 2994 recede

289 3037 308 3062 “
330 3030 406 3093 hinc
421 3031 505 3108 cito;
529 3036 563 3094 et
580 3030 633 3094 exi
649 3052 670 3094 a
684 3030 785 3094 nobis.
832 3030 914 3095 Ecce
930 3030 1018 3094 enim
1033 3038 1215 3095 conventus
1239 3031 1332 3095 adest

288 3143 305 3165 ·‘
328 3131 371 3195 ad
386 3153 466 3218 opus
482 3130 574 3196 Dei.''
619 3130 665 3195 Et
681 3133 855 3217 episcopus,
873 3131 992 3195 “Num
1015 3131 1154 3196 minoei'’
1194 3132 1238 3196 Et
1262 3155 1331 3218 ego,

286 3233 443 3319 “Utique
458 3258 466 3313 ;
489 3234 591 3298 stulte
606 3234 692 3298 enim
709 3233 874 3298 venistis.''
920 3234 965 3298 Et
981 3234 1148 3318 episcopus
1164 3235 1275 3298 exiens
1290 3236 1332 3299 ab

286 3335 420 3401 ecclesia
435 3335 591 3402 secessit2
615 3336 649 3399 in
672 3336 853 3422 capitulum
876 3358 950 3400 cnm
973 3335 1156 3410 abbatibus,
1171 3336 1332 3420 prioribus

285 3445 322 3502 et
348 3438 460 3502 multis
489 3438 621 3514 clericis,
647 3444 681 3502 et
708 3440 829 3504 iterum
852 3443 886 3502 et
909 3437 1048 3502 secundo
1071 3442 1105 3501 et
1128 3438 1226 3502 tertio
1249 3461 1330 3524 prae-

286 3541 382 3605 conia
397 3561 474 3606 voce
490 3542 598 3604 vocati
614 3562 733 3605 sumus.
779 3540 824 3605 Et
840 3539 986 3626 qualibet
1001 3540 1071 3604 vice
1086 3561 1146 3603 nos
1161 3540 1330 3606 duodecim

286 3664 395 3706 coram
433 3664 470 3707 eo
508 3642 754 3728 comparuimus
784 3642 912 3728 probris
943 3648 978 3707 et
1007 3642 1161 3707 conviciis
1192 3641 1333 3707 invicem

285 3745 397 3808 affecti
429 3750 462 3809 et
493 3767 552 3809 nos
581 3744 758 3820 afficiendo,
790 3751 823 3809 et
853 3746 1087 3811 comminantes
1117 3746 1265 3831 episcopo
1295 3752 1333 3808 ut

225 3909 231 3918 ,
285 3848 459 3923 recederet,
493 3869 618 3934 semper
641 3848 797 3933 praedicta
825 3848 999 3933 repetendo
1022 3855 1056 3912 et
1081 3847 1332 3933 appellationem

287 3950 486 4016 innovando

345 4183 497 4266 Qualiter·
523 4184 695 4271 epiecopus
719 4180 1058 4249 excommunicatura
1089 4191 1288 4250 concentum

679 4292 806 4372 eccepto
829 4284 949 4350 abbate.

335 4429 482 4494 Tandem
525 4430 607 4494 circa
645 4428 758 4493 horam
797 4427 862 4492 diei
900 4448 1028 4501 nonam,
1066 4449 1166 4512 quum
1204 4429 1332 4516 ingredi
1346 4452 1500 4520 Tnebimop

285 4534 479 4599 deberemus
493 4533 535 4597 ad
552 4532 749 4598 sumendum
765 4531 873 4596 cibum
892 4532 976 4616 (erat
992 4528 1079 4595 enim
1096 4531 1211 4618 vigilia
1226 4535 1333 4599 sancti
1345 4520 1476 4652 33¹5,

379 4694 450 4698 ......-
462 4692 724 4698 ..ῳ-...ῳ-
746 4691 781 4697 --
810 4688 1186 4696 ο-.----,-<----,.--.-..-.-
1199 4690 1331 4697 ,ΜΗ

326 4780 331 4807 ¹
346 4774 479 4840 libertatis]
494 4774 609 4833 liberatis,
622 4774 676 4823 MS.
803 4772 807 4837 Ι
856 4770 985 4836 ‘seces-sil]
1000 4769 1109 4830 cecessit,
1122 4771 1176 4822 MS.
